4882 6775
1148 461 1230 521 66
2601 450 2961 506 IORDANlS

1051 644 1107 709 V
1152 645 1399 730 saporis
1446 643 1672 727 gignit,
1724 661 1875 709 ossa
1917 641 2281 708 carentibus
2330 640 2795 724 chartellagine
2827 645 3074 706 tantum
3107 640 3420 707 habentes
3450 640 3516 706 in
3548 641 3826 726 corporis
3854 641 4309 709 continentiam
4327 644 4396 728 ¹).

1146 749 1263 814 sed
1309 748 1422 813 ubi
1466 747 1536 812 fit
1580 749 1779 812 Ponto
1824 745 2118 826 vicinior,
2169 765 2437 829 parvum
2486 743 2723 809 fontem
2771 743 3058 828 suscipit,
3112 743 3214 808 cui
3247 744 3624 829 Exampheo
3667 765 4021 828 cognomen
4065 752 4186 828 est,
4238 746 4403 812 adeo

1146 873 1470 934 amarum,
1523 856 1623 929 ut,
1690 870 1836 915 cum
1883 848 1967 914 sit
2009 848 2440 933 quadraginta
2485 847 2732 913 dierum
2777 847 3004 912 itinere
3051 847 3479 930 navigabilis,
3543 848 3735 913 huius
3776 848 3962 932 aquis
4007 848 4260 932 exiguis
4303 849 4402 914 in-

1148 960 1461 1035 mutetur,
1526 953 1929 1035 infectusque
1987 971 2063 1017 ac
2120 950 2454 1016 dissimilis
2512 950 2615 1016 sui
2674 950 2839 1015 inter
2881 950 3093 1015 Greca
3146 950 3385 1036 oppida
3430 951 3791 1036 callipidas
3848 959 3915 1017 et
3955 952 4293 1037 Hypannis
4338 953 4403 1017 in

1147 1076 1323 1123 mare
1354 1054 1596 1123 defluat
1610 1058 1685 1137 ²).
1781 1054 1865 1121 ad
1911 1055 2092 1122 cuius
2138 1053 2306 1119 ostia
2348 1052 2563 1119 insula
2609 1059 2709 1118 est
2750 1052 2818 1118 in
2863 1053 3089 1135 fronte,
3142 1053 3415 1120 Achillis
3453 1053 3706 1120 nomine
3724 1056 3795 1137 ³).
3890 1054 4058 1121 inter
4086 1055 4204 1121 hos
4232 1062 4404 1122 terra
4439 1075 4463 1113 ⁵

1146 1158 1539 1241 vastissima,
1591 1158 1773 1225 silvis
1819 1158 2084 1239 consita,
2137 1155 2484 1241 paludibus
2529 1156 2747 1222 dubia.

892 1263 977 1327 v1
1025 1266 1105 1326 47
1324 1261 1447 1328 Hic
1489 1282 1644 1346 ergo
1688 1261 1917 1327 Gothis
1962 1260 2357 1326 morantibus
2400 1259 2697 1339 Vesosis,
2765 1257 3228 1344 Aegyptiorum
3278 1278 3388 1324 rex
3409 1310 3424 1340 ,
3489 1259 3556 1325 in
3601 1261 3841 1325 bellum
3887 1260 4112 1343 inruit,
4171 1261 4403 1344 quibus

1146 1372 1298 1432 tunc
1341 1366 1664 1430 Tanausis
1708 1385 1822 1430 rex
1869 1371 2029 1430 erat.
2124 1364 2293 1448 quod
2340 1363 2585 1448 proelio
2630 1362 2717 1428 ad
2745 1362 3006 1428 Phasim
3051 1362 3339 1442 fluvium,
3389 1384 3431 1428 a
3475 1384 3599 1446 quo
3630 1364 3903 1430 Fasides
3946 1385 4103 1431 aves
4147 1373 4403 1432 exortae

1145 1469 1214 1535 in
1259 1475 1458 1534 totum
1504 1469 1811 1534 mundum
1858 1467 2070 1553 epulis
2116 1474 2444 1551 potentum
2492 1468 2864 1545 exuberant,
2918 1467 3285 1532 Thanausis
3330 1466 3679 1533 Gothorum
3726 1487 3838 1533 rex
3882 1469 4110 1534 Vesosi
4137 1470 4403 1553 Aegyp-

1144 1573 1374 1638 tiorum
1436 1572 1736 1652 occurrit,
1809 1591 2083 1654 eumque
2127 1569 2410 1653 graviter
2455 1570 2794 1635 debellans
2836 1570 2901 1634 in
2949 1571 3250 1654 Aegypto
3297 1589 3499 1652 usque
3546 1578 3917 1655 persecutus
3961 1579 4094 1653 est,
4161 1580 4226 1638 et
4277 1573 4401 1639 nisi
4439 1591 4493 1631 ιο

1142 1674 1277 1739 Nili
1323 1673 1532 1740 amnis
1575 1674 2118 1740 intransmeabilis
2162 1673 2580 1739 obstetissent
2620 1672 2863 1739 fluenta
2907 1673 3012 1738 vel
3057 1673 3460 1754 munitiones,
3512 1693 3675 1757 quas
3719 1674 3961 1739 dudum
4007 1675 4134 1740 sibi
4177 1677 4259 1742 ob
4301 1677 4401 1742 in-

1144 1778 1471 1845 cursiones
1502 1777 1889 1862 Aethiopum
1921 1777 2184 1844 Vesosis
2229 1776 2367 1843 fieri
2413 1777 2874 1862 praecepisset,
2929 1776 3019 1841 ibi
3063 1776 3129 1841 in
3176 1776 3316 1843 eius
3361 1797 3507 1842 eum
3554 1777 3764 1860 patria
3806 1777 4206 1845 extinxisset.
4284 1779 4400 1846 sed

1142 1881 1291 1946 dum
1324 1902 1469 1947 eum
1511 1881 1599 1946 ibi
1647 1881 1920 1965 positum
1968 1901 2092 1946 non
2139 1880 2453 1946 valuisset
2494 1880 2776 1963 laedere,
2829 1887 3158 1946 revertens
3203 1900 3369 1964 pene
3413 1900 3660 1946 omnem
3691 1880 3914 1946 Asiam
3960 1882 4331 1966 subiugavit
4346 1886 4388 1966 ⁴¹)

1142 1991 1208 2050 et
1252 1984 1373 2050 sibi
1421 1991 1574 2049 tunc
1617 2004 1765 2050 caro
1810 1983 2017 2050 amico
2048 1984 2271 2065 Sorno,
2323 1983 2463 2066 regi
2495 1983 2848 2065 Medorum,
2900 1982 2986 2048 ad
3028 1983 3521 2067 persolvendum
3568 1984 3872 2051 tributum
3904 1985 4192 2052 subditos
4222 1985 4393 2052 fecit.

1141 2110 1222 2154 ex
1282 2087 1466 2153 cuius
1523 2087 1809 2154 exercitu
1865 2087 2141 2153 victores
2202 2094 2352 2153 tunc
2406 2087 2699 2152 nonnulli
2759 2086 3123 2171 provincias
3183 2087 3477 2153 subditas
3536 2093 3910 2153 contuentes
3974 2095 4041 2153 et
4094 2088 4159 2153 in
4226 2089 4398 2154 omni
4437 2106 4490 2148 ιε

1016 2193 1097 2256 48
1144 2190 1477 2258 fertilitate
1533 2189 1851 2274 pollentes
1910 2190 2171 2256 deserta
2225 2209 2484 2257 suorum
2546 2190 2808 2274 agmina
2864 2197 3091 2274 sponte
3149 2190 3216 2255 in
3260 2190 3459 2256 Asiae
3503 2190 3795 2275 partibus
3837 2191 4220 2257 residerunt.
4316 2212 4396 2258 ex

1140 2314 1408 2378 quorum
1467 2290 1722 2357 nomine
1782 2292 1888 2357 vel
1939 2313 2179 2377 genere
2237 2293 2582 2379 Pompeius
2642 2294 2893 2375 Trogus
2939 2294 3316 2359 Parthorum
3374 2293 3532 2359 dicit
3588 2293 3879 2360 extitisse
3935 2295 4392 2381 prosapiem).

1313 2589 2052 2651 HPVLAonffz).

1321 2745 1339 2793 1
1382 2760 1493 2794 ossa
1530 2742 1840 2812 carentibus]
1877 2743 2130 2804 HI’VLO,
2170 2746 2368 2793 ossibus
2405 2749 2633 2792 carentes
2672 2744 2859 2790 ABA'Y
3077 2743 3460 2811 chartellagine]
3495 2732 3689 2806 HPV⁶‚
3731 2748 4050 2805 cartellagine
4089 2746 4177 2811 V‘,
4219 2750 4397 2797 cartal-

1140 2835 1358 2894 laginem
1397 2833 1456 2895 L,
1497 2832 1874 2894 carthilaginem
1916 2830 2025 2891 OB,
2067 2831 2412 2891 cartilaginem
2452 2830 2560 2889 AY,
2603 2830 2975 2891 chartilaginem
3016 2833 3060 2877 Χ
3266 2829 3487 2898 tantum]
3523 2837 3688 2879 tamen
3723 2834 3769 2879 X
3780 2834 3816 2880 Y
4020 2836 4329 2883 continentia
4356 2834 4400 2882 B

1141 2917 1171 2966 2
1209 2920 1266 2967 nt
1301 2932 1397 2968 om.
1428 2918 1470 2966 L
1679 2913 1914 2985 uicinior]
1951 2919 2072 2965 uino
2096 2918 2140 2965 L
2349 2917 2579 2964 fomitem
2616 2918 2837 2979 suscepit
2880 2917 2923 2964 0
3130 2931 3193 2965 ex
3231 2919 3468 2980 amplexu
3511 2918 3600 2965 OB
3808 2917 4100 2986 cognomen]
4136 2934 4314 2967 nomen
4358 2919 4400 2967 L

1141 3002 1172 3051 3
1211 3005 1505 3051 nauicabilis
1549 3004 1689 3051 HPV
1928 3002 1959 3051 4
1996 3005 2106 3051 suis
2144 3002 2348 3063 HPVL,
2391 3004 2493 3051 sibi
2531 3004 2574 3048 A
2819 3017 2961 3063 greca
3002 3005 3169 3065 (grega
3203 3003 3260 3064 B)
3305 3001 3507 3071 oppida]
3544 3018 3709 3063 grecas
3749 3004 3886 3051 XYZ
4125 3002 4400 3070 hypannls]

1140 3089 1392 3153 HPVLA,
1432 3090 1714 3151 hyppannis
1752 3089 1813 3151 X,
1855 3089 2088 3151 hippanis
2132 3087 2187 3148 Y,
2228 3089 2425 3151 hipanis
2469 3088 2527 3150 0,
2569 3088 2843 3151 hippannis
2881 3091 2939 3150 Z,
2979 3091 3199 3151 impanis
3235 3090 3280 3137 Β
3523 3091 3552 3138 5
3591 3092 3734 3140 snius
3776 3091 3818 3139 Ο
4058 3092 4268 3139 hostiam
4305 3092 4399 3140 LO

1141 3176 1169 3224 7
1207 3177 1358 3238 gottis
1402 3175 1444 3222 Ο
1652 3176 2071 3224 commorantibus
2111 3175 2153 3223 L
2361 3172 2582 3242 uesosis]
2619 3162 2952 3237 Hvassxr,
2994 3178 3186 3225 nesosis
3224 3175 3322 3236 P‘,
3364 3179 3556 3226 uesozis
3594 3178 3656 3239 A,
3699 3179 3865 3225 uesois
3900 3177 3962 3238 L,
4004 3178 4246 3227 uessossis
4288 3177 4330 3225 Ο

1141 3261 1483 3323 aegythiorum
1517 3260 1560 3308 Ο
1767 3257 1981 3327 bellum]
2018 3261 2186 3310 belum
2212 3260 2270 3321 P,
2312 3262 2494 3308 belluit
2523 3260 2565 3307 Ο
2772 3261 2922 3309 irruit
2960 3261 3013 3322 V,
3056 3263 3160 3311 ruit
3184 3262 3228 3308 A
3440 3263 3652 3324 quisbus
3684 3262 3727 3309 Ο
3936 3262 3966 3313 8
4003 3267 4125 3312 tunc
4159 3278 4257 3312 om.
4286 3264 4329 3311 L

1140 3348 1398 3398 thanausis
1437 3347 1541 3409 XZ,
1584 3348 1808 3396 taunasis
1852 3347 1958 3411 OB,
2002 3348 2168 3396 tunsis
2211 3346 2252 3394 L
2521 3346 2653 3409 quod
2691 3343 2898 3416 proelio]
2935 3346 3093 3408 HPV,
3138 3349 3271 3410 quod
3308 3349 3550 3410 praelium
3591 3348 3651 3408 L,
3694 3362 3790 3410 quo
3826 3349 4058 3412 pr(o)elio
4084 3349 4287 3422 ¹AOBX
4295 3350 4335 3397 Y

1140 3435 1301 3497 pasim
1327 3432 1426 3494 P‘,
1468 3435 1614 3482 sasim
1642 3433 1785 3482 AXY
1988 3435 2256 3482 fluminum
2281 3433 2325 3479 A
2537 3429 2747 3500 fasides]
2785 3434 3082 3495 HPVLXY,
3125 3435 3355 3496 phasides
3393 3435 3534 3483 AOB
3743 3434 3774 3483 9
3813 3441 3913 3483 toto
3955 3437 4083 3491 (todo
4114 3437 4171 3500 O)
4216 3438 4404 3485 mundo

1143 3521 1383 3568 AOBXY
1587 3521 1871 3583 potentium
1915 3520 1973 3581 Ο,
2016 3521 2303 3581 potencium
2341 3520 2386 3566 A
2598 3525 2882 3582 exuperant
2917 3520 2962 3566 B
3171 3520 3447 3570 thanausus
3477 3521 3531 3582 (ξ’)
3564 3522 3623 3583 L,
3667 3524 3894 3570 taunasis
3937 3521 4025 3568 OB
4232 3524 4401 3570 nesozi

1142 3608 1204 3668 A,
1234 3609 1431 3654 nesozis
1462 3605 1505 3652 Ο
1716 3605 1777 3655 10
1813 3601 2047 3672 occurrit]
2071 3608 2179 3666 regi
2204 3620 2308 3655 occ.
2337 3606 2427 3653 LA
2625 3602 2855 3671 aegypto]
2880 3606 3038 3669 HPV,
3079 3608 3384 3670 (a)egyptum
3411 3607 3601 3656 AOBX
3611 3608 3661 3670 Y,
3693 3609 3917 3670 egiptum
3944 3609 3988 3656 L
4199 3607 4253 3656 11
4296 3624 4405 3656 am-

1139 3695 1222 3743 nis
1258 3706 1356 3741 om.
1397 3693 1442 3738 A
1667 3688 2012 3757 obstetissent]
2050 3692 2255 3755 HPVO,
2299 3693 2619 3741 obstitissent
2655 3691 2856 3754 ABXY,
2901 3694 3181 3743 obstitisset
3217 3694 3260 3741 L
3486 3695 3676 3742 fluenta
3710 3710 3806 3744 om.
3849 3696 3893 3743 L
4117 3695 4178 3742 ob
4213 3708 4309 3743 om.
4361 3694 4402 3741 Ο

1146 3777 1207 3827 12
1246 3792 1450 3828 uesoses
1493 3778 1551 3840 Ο,
1593 3781 1793 3827 nesozis
1831 3778 1877 3825 A
2085 3774 2449 3843 praecepisset]
2472 3777 2588 3841 HL,
2628 3781 2996 3841 praecoepisset
3021 3780 3080 3840 B,
3124 3782 3451 3843 praecipisset
3476 3780 3581 3842 PV,
3620 3782 3898 3844 percipisse
3927 3780 3987 3843 0,
4028 3784 4406 3844 praecepissent

1142 3866 1204 3925 X,
1244 3866 1501 3926 praecepit
1525 3864 1620 3911 AY
1824 3878 1938 3912 eum
1964 3861 2145 3930 patria]
2182 3863 2373 3911 AOBX
2385 3865 2433 3926 Y,
2478 3878 2676 3926 semper
2699 3867 2858 3927 patria
2883 3866 3038 3926 HPL,
3086 3868 3248 3927 patria
3272 3880 3467 3928 semper
3498 3867 3539 3915 V
3748 3867 3810 3916 14
3846 3882 4012 3915 carum
4037 3870 4252 3916 amicum
4289 3868 4335 3914 B

1142 3964 1295 3999 sornu
1338 3949 1536 4004 OXYZ.
1580 3964 1780 3999 sernum
1818 3951 1865 3997 B
2074 3964 2189 4012 rege
2230 3948 2314 4006 0¹,
2356 3964 2522 4011 regem
2565 3948 2677 3998 0213
2883 3953 3084 4001 subdito
3127 3952 3187 4013 Ο,
3228 3953 3483 4001 subditum
3519 3953 3564 4000 B
3811 3952 3871 4002 15
3908 3960 4030 4003 tunc
4065 3968 4231 4002 exerc.
4272 3957 4397 4004 uict-

1142 4037 1187 4082 A
1215 4099 1219 4110 Ι
1394 4038 1448 4083 in
1486 4051 1586 4086 om.
1614 4036 1658 4084 A
1871 4035 1931 4084 16
1967 4036 2164 4084 deserta
2188 4050 2389 4084 suorum
2416 4032 2638 4102 agmina]
2673 4036 2926 4098 HPVLO,
2965 4038 3164 4086 deserto
3190 4053 3233 4089 s.
3260 4040 3457 4098 agmine
3484 4039 3672 4087 ABXY
3875 4037 4077 4108 sponte]
4113 4046 4263 4101 ponte
4291 4039 4337 4086 P

1142 4118 1445 4187 residerunt]
1481 4121 1826 4185 HPVLAOB,
1868 4124 2167 4171 resederunt
2203 4123 2300 4171 ΧΥ
2517 4122 2577 4172 17
2615 4119 2808 4191 trogus]
2846 4129 3007 4183 trogas
3043 4124 3235 4192 HPYO
3445 4128 3690 4174 extetisse
3732 4124 3791 4189 Ο,
3832 4140 3944 4175 esse
3981 4128 4022 4173 A
4234 4141 4403 4189 prosa-

1140 4205 1301 4275 piem]
1336 4207 1591 4271 HPVOB,
1630 4210 1942 4272 prosapiaem
1979 4208 2039 4271 L,
2081 4209 2361 4271 prosapiam
2399 4210 2496 4255 AX
2505 4209 2547 4255 Y

1320 4464 1364 4528 l)
1410 4467 1540 4515 Mela
1577 4469 1626 4527 2,
1670 4471 1718 4527 1,
1759 4469 1826 4513 6:
1874 4467 2205 4528 Borysthenes
2244 4507 2256 4519 .
2290 4505 2302 4516 .
2335 4505 2347 4517 .
2388 4468 2478 4516 alit
2514 4469 2789 4516 laetissima
2824 4469 3006 4531 pabula
3039 4483 3344 4532 magnosque
3380 4471 3559 4533 pisces,
3603 4472 3789 4532 quibus
3825 4475 3877 4520 et
3911 4471 4134 4534 optimus
4171 4486 4312 4534 sapor
4349 4477 4403 4519 et

1144 4553 1286 4601 nulla
1320 4566 1432 4600 ossa
1469 4558 1606 4602 sunt.
1684 4553 1882 4602 Solinus
1918 4557 2011 4613 15,
2059 4558 2084 4602 1
2105 4571 2122 4602 .·
2170 4556 2222 4602 in
2266 4554 2612 4617 (Borysthene)
2659 4557 2822 4616 pisces
2868 4557 3054 4616 egregii
3104 4557 3291 4619 saporis
3340 4562 3391 4604 et
3437 4558 3620 4618 quibus
3656 4572 3767 4608 ossa
3802 4559 3942 4606 nulla
3976 4565 4097 4606 sunt
4132 4571 4226 4606 nec
4262 4558 4402 4606 aliud

1145 4653 1294 4700 quam
1332 4640 1652 4700 cartilagines
1689 4641 1999 4689 tenerrimae.

1318 4724 1371 4786 2)
1412 4724 1545 4775 Mela
1575 4725 1688 4786 post
1722 4725 1895 4774 adlata
1930 4741 2086 4787 supra
2118 4743 2173 4789 p.
2212 4730 2278 4777 65
2316 4731 2421 4777 not.
2451 4730 2484 4774 6
2515 4731 2710 4788 peu-ott.-
2750 4732 2949 4777 tantum
2985 4742 3084 4777 non
3121 4728 3266 4788 longe
3301 4744 3330 4777 a
3365 4730 3489 4777 mari
3525 4743 3588 4777 ex
3626 4743 3775 4790 parvo
3813 4731 3951 4778 sonte
3986 4731 4070 4778 cui
4106 4730 4402 4792 Exampheo

1141 4825 1415 4871 cognomen
1451 4818 1531 4862 est
1565 4811 1687 4860 adeo
1722 4826 1911 4864 amaras
1947 4826 2102 4875 aquas
2137 4814 2333 4875 accipit,
2376 4821 2436 4862 ut
2471 4816 2581 4876 ipse
2616 4828 2815 4877 quoque
2852 4816 2951 4863 iam
2988 4816 3066 4863 sui
3102 4816 3365 4865 dissimilis
3392 4821 3445 4863 et
3473 4829 3573 4863 non
3596 4815 3761 4863 dulcis
3787 4815 3903 4863 hinc
3928 4816 4134 4865 defluat.
4196 4818 4402 4867 Asiaees

1139 4898 1399 4965 proximus
1434 4898 1569 4947 inter
1605 4897 1911 4960 Callippidas
1946 4900 2253 4960 Asiacasque
2289 4900 2572 4950 descendit.

1061 5039 1066 5040 ⁷
1314 4983 1362 5043 3)
1409 4983 1536 5038 Mola
1573 4985 1622 5044 2,
1667 4987 1713 5046 7,
1756 4986 1854 5033 98.-
1908 4985 2072 5033 Leuce
2106 4985 2433 5044 Borysthenis
2483 4986 2611 5036 ostio
2659 4986 2847 5035 obiecta
2891 4986 3093 5049 (insula)
3134 5001 3287 5048 parva
3334 4987 3600 5036 admodum
3645 4991 3697 5036 et
3733 4987 3861 5048 quod
3899 4988 3973 5036 ibi
4007 4987 4229 5037 Achilles
4266 4990 4402 5038 situs

1142 5074 1234 5130 est,
1277 5069 1503 5120 Achillea
1537 5072 1846 5130 cognomine.

1315 5154 1365 5214 4)
1410 5155 1632 5204 Iustinus
1661 5159 1708 5218 1,
1738 5161 1786 5218 1,
1815 5159 1883 5204 6.·
1921 5158 2062 5206 fuere
2088 5192 2102 5207 .
2134 5192 2149 5208 .
2181 5191 2194 5206 .
2224 5157 2432 5207 Vezosis
2464 5157 2690 5220 (vezoris,
2733 5159 2912 5207 vizosis
2938 5161 3219 5208 similius-vs
3244 5160 3374 5222 libri,
3419 5159 3614 5209 Sesosis
3642 5159 3753 5209 edd.
3773 5176 3790 5206 .·
3827 5162 4045 5210 vesores
4080 5163 4158 5209 vel
4182 5162 4404 5210 Vesozes

1149 5239 1290 5290 Oros.
1337 5243 1383 5301 1,
1431 5242 1508 5301 14)
1563 5242 1780 5304 Aegypti
1828 5248 1881 5290 et
1929 5243 2159 5302 Scythiae
2206 5257 2296 5291 rex
2334 5244 2562 5306 Tanaus,
2620 5257 2830 5306 quorum
2880 5246 3005 5293 alter
3050 5247 3103 5293 in
3151 5247 3399 5308 Pontum,
3456 5247 3583 5295 alter
3630 5260 3791 5308 usque
3826 5249 4114 5309 Aegyptum
4162 5249 4401 5298 excessit.

1142 5328 1192 5387 2,
1234 5328 1286 5387 3,
1325 5329 1389 5375 8.·
1445 5329 1638 5388 primus
1674 5326 1872 5387 Scythis
1921 5328 2110 5377 bellum
2157 5330 2349 5379 indixit
2383 5330 2600 5379 Vezosls
2641 5331 2773 5392 (libri
2807 5335 2866 5379 ut
2901 5333 3072 5393 supra)
3114 5346 3204 5381 rex
3238 5334 3520 5394 Aegyptius
3559 5367 3572 5381 .
3604 5367 3619 5383 .
3651 5367 3666 5382 .
3707 5331 3920 5391 Scythae
3962 5368 3976 5382 .
4007 5368 4021 5384 .
4052 5368 4068 5384 .
4107 5335 4286 5395 legatis
4322 5349 4406 5383 re-

1141 5412 1393 5474 spondent
1430 5446 1445 5464 .
1475 5447 1490 5462 .
1520 5447 1535 5463 .
1575 5426 1672 5461 non
1701 5417 2054 5475 expectatnros
2079 5413 2288 5473 Scythas
2326 5416 2445 5470 dum
2481 5417 2541 5464 ad
2581 5429 2636 5464 se
2671 5418 2904 5465 veniatur
2941 5452 2957 5468 .
2990 5452 3004 5467 .
3036 5453 3050 5467 .
3090 5432 3184 5466 nec
3217 5418 3352 5466 dicta
3385 5431 3464 5466 res
3501 5423 3686 5466 morata
3723 5454 3735 5466 .
3769 5453 3784 5468 .
3815 5453 3829 5468 .
3867 5432 3960 5466 rex
4000 5454 4014 5468 .
4045 5453 4059 5469 .
4090 5453 4105 5469 .
4142 5421 4196 5468 in
4233 5421 4403 5480 fugam

1143 5499 1357 5546 vertitur
1395 5532 1410 5548 .
1442 5533 1456 5547 .
1487 5533 1502 5547 .
1543 5498 1751 5557 Scythas
1787 5501 1847 5546 ab
1883 5500 2110 5562 Aegypto
2145 5502 2355 5562 paludes
2390 5503 2709 5565 prohibuere.
2782 5503 2903 5551 inde
2940 5505 3132 5554 reversi
3166 5506 3340 5553 Asiam
3377 5504 3704 5566 perdomitam
3742 5505 4038 5566 vectigalem
4075 5506 4257 5555 fecere.

1317 5583 1365 5645 5)
1408 5584 1636 5632 Iustinus
1673 5587 1722 5646 2,
1764 5589 1813 5646 1,
1854 5586 1920 5633 3:
1958 5601 2072 5635 cum
2107 5589 2206 5649 ipsi
2248 5588 2494 5648 (Scythae)
2541 5588 2745 5638 Parthos
2781 5591 3200 5651 Bactrianosque,
3242 5591 3458 5638 feminae
3495 5595 3662 5658 autem
3699 5603 3869 5639 eorum
3906 5591 4215 5640 Amazonum
4251 5606 4406 5652 regna

1143 5669 1468 5740 condiderint.
1544 5669 1615 5729 cs.
1655 5671 1901 5719 Amanus
1936 5672 2108 5724 Parth.
2152 5673 2305 5734 (apud
2348 5673 2573 5723 Photium
2608 5675 2713 5724 eod.
2746 5678 2864 5735 68);
2909 5671 3152 5740 Πάρθους
3190 5673 3247 5726 δέ
3283 5691 3437 5744 φησιν
3475 5674 3558 5727 ἐπὶ
3599 5671 3945 5744 Σεσώστριδος
3979 5680 4070 5728 τοῦ
4109 5673 4403 5744 Αἰγυπτίων

1144 5751 1394 5822 βασιλέως
1417 5753 1505 5805 καὶ
1522 5748 1783 5828 Ἰανδρσου
1812 5752 2095 5819 (Temese-a
2122 5761 2237 5819 leyit
2266 5759 2474 5820 Troyus)
2503 5761 2594 5809 τοῦ
2626 5755 2843 5811 Σκυθῶν
2869 5757 2969 5811 ἀπὸ
2993 5765 3085 5829 τῆς
3111 5767 3251 5832 σφῶν
3276 5762 3450 5832 χώρας
3478 5757 3702 5820 Σκυθίας
3728 5759 3800 5818 εἰς
3822 5761 3918 5833 τὴν
3942 5766 4030 5812 νῦν
4059 5769 4382 5835 μετοικῆσαι.
