4882 6775
1608 512 1707 572 w.
1748 490 2034 572 Lsxlc'A
2074 514 2174 571 ΕΤ
2212 512 2744 572 GRAMMATICA.

3689 514 3808 579 193

626 714 915 769 superatum
941 723 995 756 se
1021 711 1183 757 sensit
1218 707 1284 756 26
1313 718 1407 770 393
1446 711 1555 757 aim.
1587 707 1758 760 3627.
1800 706 1865 755 38
1898 719 1976 757 14.
2016 708 2082 756 45
2107 718 2151 757 3.
2212 709 2502 756 nominare:
2562 721 2770 769 quorum
2820 712 2872 755 et
2918 720 3157 755 numerus
3211 712 3262 754 et
3308 708 3492 755 militia
3538 720 3699 768 usque
3749 708 3810 754 ad

627 778 690 825 85
723 787 800 826 15.
842 778 908 825 90
936 786 985 827 -1,
1021 786 1098 828 11.
1150 776 1830 835 9616.13114.13418,
1885 793 1997 825 cum
2044 792 2159 825 con-

629 850 876 894 ium-tivo:
918 862 1032 894 mox
1068 849 1311 905 venisset,
1352 849 1609 894 extinctus
1647 855 1724 894 est
1763 847 1816 894 71
1857 857 1911 907 33
1953 850 2062 895 aim.
2092 848 2155 895 44

558 916 785 1032 1001010419
805 924 859 1033 1211
915 999 1149 1032 mucrone
1188 987 1264 1032 vel
1313 986 1486 1044 lingua
1522 986 1752 1032 Atriatici
1809 986 1969 1046 posita
2018 987 2160 1032 sinus

561 1053 803 1169 miflaesff·
833 1123 1048 1169 multum
1086 1128 1271 1170 amator
1311 1121 1407 1170 129
1441 1131 1531 1183 10,
1583 1137 1705 1181 gens
1742 1125 1901 1170 multa
1947 1124 2025 1183 (==
2062 1136 2161 1169 nu-

625 1193 829 1253 merosa)
876 1191 969 1240 127
1001 1200 1047 1240 7.

559 1274 772 1308 munus:
813 1267 1094 1309 extremum
1134 1263 1227 1308 sati
1266 1274 1452 1307 munus
1490 1261 1702 1308 reddens
1744 1259 1829 1308 131
1866 1269 1942 1309 14.
1972 1287 2041 1297 —-
2074 1259 2156 1319 Os.

560 1330 785 1447 101111ῗί11100
830 1400 954 1447 vallo
989 1401 1173 1447 muniri
1207 1400 1287 1455 (.--
1316 1400 1700 1459 circumvallari,
1742 1398 1960 1457 obsideri)
2003 1399 2160 1444 Thes-

629 1468 894 1516 salonicam
938 1467 1034 1516 132
1066 1479 1112 1517 5.

559 1539 775 1585 munitio
813 1558 876 1579 =
913 1539 1170 1585 castellum
1207 1537 1268 1585 67
1304 1546 1382 1586 17.

562 1608 782 1655 murale:
820 1607 881 1653 ad
920 1608 1079 1654 instar
1114 1608 1306 1654 murale
1348 1609 1430 1666 (==
1470 1608 1612 1667 muri)
1659 1604 1724 1654 29
1753 1615 1833 1654 24.

559 1677 788 1722 1111111000
824 1676 983 1736 pelles
1018 1675 1084 1723 63
1117 1685 1194 1724 15.

560 1828 673 1860 nam
720 1812 942 1860 abundat
990 1812 1020 1858 5
1049 1821 1131 1861 30.
1187 1812 1245 1859 10
1274 1822 1319 1860 9.
1381 1811 1440 1860 12
1474 1819 1501 1860 2
1555 1813 1664 1871 (om.
1706 1813 1917 1874 Florus).
1983 1811 2048 1859 30
2076 1819 2158 1860 28.

630 1880 803 1930 3417.
849 1882 913 1931 35
943 1891 989 1930 9.
1031 1881 1096 1929 36
1126 1890 1172 1929 6.
1215 1880 1280 1929 39
1303 1888 1383 1931 20.
1426 1880 1491 1929 64
1520 1892 1566 1928 8.
1611 1882 1745 1929 701.
1789 1881 1957 1930 7512.
1990 1881 2157 1929 7613.

632 1951 693 1999 77
724 1961 771 2001 6.
815 1949 993 2000 8014.
1036 1950 1097 1999 87
1130 1960 1176 1999 3.
1223 1948 1288 1998 88
1318 1960 1361 1997 5.
1405 1948 1470 1998 89
1500 1960 1547 1998 7.
1592 1949 1688 1998 100
1725 1960 1770 1998 5.
1815 1950 1902 1998 101
1944 1957 2020 1998 12.
2067 1948 2162 1999 126

637 2030 681 2069 5.
728 2019 823 2068 135
851 2028 932 2070 20.

561 2104 778 2150 namque
838 2091 1045 2149 (smper
1095 2090 1361 2137 collocatur
1409 2094 1516 2150 post
1569 2092 1817 2137 enuntiati
1868 2088 2163 2136 vocabulum

630 2162 863 2221 prunum)
917 2159 1137 2206 abundat
1193 2158 1342 2208 1718
1397 2160 1510 2214 (om.
1554 2158 1770 2217 Florus).
1830 2157 1894 2206 27
1932 2166 1991 2207 23
2048 2159 2160 2215 (om.

630 2228 841 2290 Rufus).
901 2228 965 2276 33
1003 2237 1083 2276 30.
1137 2227 1199 2275 34
1229 2235 1311 2276 21.
1364 2226 1538 2279 4617.
1581 2227 1646 2275 76
1678 2237 1723 2276 1.
1777 2227 1952 2276 8017.
2005 2228 2072 2274 94
2113 2236 2160 2275 2.

637 2297 731 2344 103
760 2306 805 2346 8.
855 2296 948 2344 105
977 2306 1026 2345 4.
1072 2295 1165 2344 127
1196 2303 1278 2346 20.

566 2367 743 2413 natalis
794 2366 944 2427 (9011.)
998 2366 1135 2412 dies:
1196 2365 1376 2413 Severo
1424 2366 1605 2412 natalis
1653 2366 1830 2427 die(m)
1883 2367 1975 2412 11111
2031 2365 2163 2411 cele-

630 2437 804 2482 brante
848 2433 914 2481 78
946 2443 1024 2482 15.

564 2505 696 2552 natio
719 2518 1017 2565 quamquam
1040 2517 1143 2550 non
1165 2517 1278 2550 raro
1303 2503 1368 2550 ibi
1391 2506 1610 2562 ponitur,
1632 2504 1718 2550 ubi
1736 2506 1884 2550 etiam
1903 2516 2024 2561 gens
2044 2504 2166 2563 poni

627 2575 793 2634 potuit
850 2575 916 2633 (at
961 2586 1214 2633 nusquam
1251 2577 1524 2632 usurpatur
1558 2573 1617 2619 de
1654 2572 1870 2633 Gothia),
1923 2577 1980 2618 ut
2026 2573 2165 2618 natio

633 2645 897 2690 Aestorum
930 2641 994 2690 89
1021 2652 1045 2689 3
1072 2668 1140 2675 -
1166 2643 1302 2689 natio
1333 2641 1634 2702 Gepidarum
1660 2642 1724 2689 82
1754 2652 1779 2690 9
1806 2668 1872 2677 —-
1901 2642 2078 2688 Hunni
2100 2639 2164 2687 89

640 2720 696 2760 17
726 2738 793 2745 -
820 2713 947 2770 Rugi
980 2712 1208 2772 aliaeque
1235 2713 1462 2759 nationes
1483 2713 1751 2758 nonnullae
1776 2709 1870 2758 126
1892 2716 1954 2759 25
1981 2737 2050 2745 -
2074 2725 2162 2757 na-

632 2783 798 2828 tiones
838 2780 1086 2827 Theustes
1114 2786 1204 2827 cet.
1238 2779 1302 2827 59
1336 2792 1360 2829 8
1407 2780 1693 2828 inScandia
1729 2806 1796 2815 —-
1831 2781 1965 2827 natio
1999 2780 2165 2825 Vene-

632 2851 828 2897 tharum
865 2849 1029 2911 6215,
1071 2852 1187 2896 item
1221 2852 1448 2897 universe
1473 2849 1532 2897 91
1565 2859 1644 2908 10,
1683 2854 1997 2910 opponuntur
2020 2852 2165 2895 etiam

633 2923 893 2966 universae
932 2920 1159 2966 nationes
1196 2919 1435 2965 Romanis
1474 2917 1569 2966 123
1602 2922 1690 2980 16,
1744 2924 1907 2965 tamen
1944 2919 2164 2977 plerum-

635 3003 725 3049 que
761 2992 833 3036 ita
868 2990 1122 3049 accipitur,
1164 2993 1221 3034 ut
1253 2989 1415 3047 partis
1451 2988 1693 3048 quaedam
1729 2989 2024 3048 siynificatio
2047 2987 2164 3033 sub-

636 3060 717 3105 sit.
794 3060 861 3104 ita
903 3057 987 3103 ubi
1036 3056 1095 3103 de
1131 3059 1269 3103 terris
1304 3060 1472 3116 ayitur
1508 3056 1735 3103 habitatis
1770 3072 1801 3102 a
1836 3057 2040 3101 diversis
2070 3069 2165 3114 po-

631 3127 783 3186 pulis,
827 3128 863 3172 ii
898 3128 1092 3185 saepius
1128 3140 1276 3187 quam
1322 3133 1502 3185 gentes
1550 3127 1869 3185 appellantur
1905 3126 2160 3171 nationes:

634 3196 790 3243 Asiae
839 3196 1069 3242 nationes
1106 3194 1170 3243 67
1201 3203 1246 3243 2.
1299 3222 1368 3229 —
1414 3196 1641 3242 nationes
1684 3194 1927 3241 Scandiae
1974 3192 2039 3241 58
2084 3203 2159 3243 15.

635 3264 700 3312 60
741 3274 798 3321 1.
857 3265 1065 3312 Scandia
1114 3267 1294 3323 vagina
1340 3266 1601 3312 nationum
1656 3262 1754 3324 (sed
1802 3265 1915 3311 item
1966 3264 2167 3310 officina

636 3335 881 3394 gentium)
924 3334 988 3382 60
1019 3341 1044 3381 0
1096 3360 1165 3368 —-
1222 3334 1515 3392 Scytharum
1561 3336 1791 3381 nationes
1827 3331 1893 3380 62
1916 3342 1963 3391 6,
2017 3333 2163 3379 Gothi

636 3406 837 3451 natione
886 3411 940 3451 et
988 3404 1221 3451 vocabulo
1270 3405 1479 3462 Scythae
1518 3403 1577 3452 61
1617 3414 1667 3464 9,
1716 3417 1887 3451 omnes
1937 3402 2167 3460 Scythiae

635 3479 688 3520 et
735 3473 1030 3520 Germaniae
1079 3475 1307 3520 nationes
1359 3472 1423 3520 89
1468 3483 1492 3520 5
1542 3499 1608 3507 —
1669 3474 1898 3519 nationes
1948 3472 2167 3518 Celticae

639 3543 717 3588 vel
765 3543 1033 3589 Germanie
1085 3541 1178 3590 108
1209 3551 1253 3592 5.
1330 3543 1553 3588 similiter
1600 3543 1826 3589 nationes
1870 3543 2057 3600 passim
2091 3540 2168 3587 di-

635 3616 817 3658 cuntur
841 3611 1078 3660 Romanis
1114 3625 1238 3672 quae
1271 3617 1448 3671 parcnt
1484 3617 1660 3671 9011108,
1700 3615 1757 3657 ut
1794 3625 1969 3669 agmen
2002 3611 2166 3656 diver-

638 3695 804 3727 sarum
845 3682 1101 3727 nationum
1142 3681 1372 3727 Beliaarii
1407 3683 1643 3727 exercitus
1678 3679 1744 3728 48
1775 3688 1856 3738 18,
1897 3683 2009 3727 item
2046 3693 2169 3739 quae

632 3754 809 3808 parent
847 3750 1048 3797 Hunnis
1090 3749 1391 3810 multiplices
1436 3750 1609 3811 populi
1658 3757 1710 3796 et
1744 3750 1967 3796 diversae
2004 3750 2169 3796 natio-

639 3832 727 3866 nes
768 3818 865 3866 109
897 3827 973 3879 17,
1015 3819 1240 3865 diversae
1266 3819 1495 3867 subditae
1526 3820 1755 3865 nationes
1798 3817 1892 3865 116
1920 3825 1965 3880 2,
2009 3818 2170 3864 diver-

637 3902 721 3935 sae
747 3888 874 3935 aliae
898 3890 1127 3934 nationes
1152 3886 1216 3935 42
1247 3896 1327 3948 23,
1369 3889 1594 3935 diversae
1621 3890 1847 3935 nationes
1889 3886 1983 3935 110
2006 3897 2051 3943 4,
2093 3890 2164 3948 cf.

569 3987 573 3992 ·
641 3957 845 4005 12519.
904 3956 999 4004 126
1027 3965 1073 4004 4.
1151 3957 1355 4019 denique
1403 3960 1560 4016 yentis
1608 3971 1793 4018 quoque
1840 3962 2009 4017 partes
2056 3964 2169 4004 sunt

637 4029 886 4084 1101101108,
940 4030 997 4072 ut
1044 4025 1285 4073 Vidivarii
1325 4040 1386 4073 ex
1426 4027 1635 4073 diversis
1674 4028 1958 4073 nationibus
1993 4026 2170 4084 adgre-

637 4098 736 4154 gati
784 4102 982 4155 gentem
1022 4096 1252 4142 fecerunt
1287 4095 1352 4144 63
1383 4105 1428 4143 6.
1472 4094 1535 4142 83
1566 4103 1613 4152 2,
1667 4091 1781 4141 item
1830 4097 1989 4141 omnis
2036 4098 2171 4141 natio

636 4166 841 4224 linguae
874 4164 1103 4211 Gothicae
1126 4170 1424 4212 memoratur
1448 4163 1513 4212 92
1547 4174 1623 4225 18,
1652 4166 1833 4210 scilicet
1864 4164 2164 4224 Veseyofflae,

642 4232 971 4292 Cati-cyoniae,
1015 4233 1246 4293 (lepidae.

569 4304 804 4350 nativitas
840 4303 1069 4349 Abrahae
1104 4302 1136 4350 4
1161 4313 1206 4351 6.
1243 4310 1322 4352 14.
1349 4310 1429 4352 20.

571 4373 821 4419 naturales
858 4387 919 4418 ex
958 4373 1231 4418 concubina
1270 4373 1402 4419 tiliae
1443 4371 1537 4419 134
1570 4380 1647 4419 16.

570 4441 868 4488 naturaliter
904 4440 968 4487 74
998 4450 1042 4489 5.

571 4524 661 4557 nec
708 4511 795 4557 diu
835 4530 896 4551 =
934 4523 1037 4556 non
1083 4509 1170 4557 diu
1209 4509 1271 4557 87
1307 4519 1395 4571 173
1450 4524 1539 4556 nec
1587 4510 1704 4556 dum
1745 4529 1806 4551 =
1832 4509 2067 4560 ,nondum
2104 4509 2168 4556 22

646 4587 721 4627 13.
763 4577 1121 4628 43105111.
1163 4579 1305 4627 931.
1349 4579 1446 4628 114
1479 4577 1808 4627 1011911.

2280 791 2518 839 praesens
2553 779 2607 823 in
2645 790 2697 824 re
2733 778 2933 839 publica
2969 777 3253 824 nominatur
3295 776 3377 837 (=
3406 778 3589 837 manet)
3631 775 3694 824 87
3727 786 3772 825 5.

2216 861 2310 894 non
2347 846 2536 894 solum:
2592 859 2691 894 non
2730 846 2889 894 solum
2927 846 3207 893 describere
3243 847 3362 907 quis
3405 848 3486 906 (τε
3522 846 3679 906 nemo)
3721 845 3811 893 ad-

2284 929 2484 975 gressus
2519 921 2626 975 est,
2673 929 2845 962 verum
2883 918 3035 963 etiam
3073 928 3162 962 nec
3197 917 3431 975 cuiquam
3467 916 3613 962 licuit
3645 921 3810 962 trans-

2282 987 2461 1032 fretare
2502 984 2567 1032 54
2597 992 2676 1037 16.

2218 1055 2377 1101 nosci:
2430 1049 2646 1115 praefati
2688 1067 2854 1112 regem
2904 1053 3138 1100 habuisse
3188 1058 3462 1101 noscuntur
3498 1052 3562 1101 64
3586 1060 3642 1115 6;
3699 1054 3808 1100 aim.

2284 1122 2348 1171 68
2378 1132 2424 1171 7.
2469 1122 2532 1170 75
2561 1131 2608 1170 7.
2651 1122 2715 1169 83
2745 1132 2791 1170 3.
2869 1125 2982 1168 item
3020 1122 3272 1181 cognosci:
3321 1123 3427 1183 pari
3465 1128 3635 1169 tenore
3672 1126 3722 1168 et
3757 1123 3812 1167 in

2284 1193 2499 1239 Alaricis
2543 1193 2830 1254 provenisse
2878 1193 3189 1250 cognoscitur
3231 1189 3317 1238 121
3355 1200 3411 1251 7;
3464 1192 3665 1239 referri:
3722 1189 3814 1237 hae

2284 1261 2503 1308 feminae
2538 1262 2828 1308 referuntur
2861 1262 3087 1308 tenuisse
3127 1260 3350 1319 regimen
3391 1260 3455 1307 70
3486 1268 3503 1308 1
3533 1277 3544 1318 ;
3599 1259 3807 1306 sentiri:

2287 1330 2530 1391 (oceanus)
2571 1330 2967 1390 impermeabilis
3005 1343 3115 1377 esse
3152 1329 3374 1376 sentitur
3411 1328 3474 1377 54
3508 1337 3587 1378 18.

2217 1401 2437 1447 notarius
2478 1398 2576 1448 126
2604 1406 2684 1447 22.
2718 1406 2779 1447 25
2825 1398 2909 1459 (cf.
2945 1398 3109 1458 praes.
3147 1414 3198 1459 p.
3228 1398 3345 1459 vl).

2216 1470 2430 1517 nudare:
2472 1473 2676 1516 cunctos
2711 1475 2964 1518 senatores
3003 1468 3214 1515 nudatos
3249 1467 3315 1515 50
3344 1474 3424 1516 24.

2218 1540 2415 1587 nullus:
2458 1552 2569 1597 yen.
2611 1540 2735 1597 sina.
2769 1539 2905 1585 'nulli
2943 1536 3009 1584 46
3039 1545 3131 1599 24;
3174 1536 3276 1584 dat.
3316 1539 3444 1596 01119.
3484 1536 3606 1596 sem.
3647 1538 3814 1583 nullae

2284 1608 2350 1656 90
2376 1616 2426 1655 4.
2501 1608 2554 1654 in
2593 1608 2731 1653 nullo
2770 1607 2854 1667 (=
2891 1607 3038 1654 nulla
3073 1612 3139 1667 rc)
3188 1605 3286 1654 106
3317 1614 3395 1656 16.
3718 1625 3738 1643 ·

2214 1676 2521 1724 numeralia:
2563 1682 2678 1736 post
2712 1689 2842 1735 pene
2880 1676 3246 1736 quinquaginta
3282 1688 3520 1722 annornm
3565 1672 3653 1721 101
3691 1681 3770 1723 12.

2214 1747 2408 1792 numeri
2435 1747 2729 1804 pennutati,
2772 1743 2916 1790 modo
2940 1741 3074 1793 ’κατὰ
3098 1740 3289 1792 σύνεσιν
3327 1743 3392 1790 ibi
3425 1743 3513 1790 ubi
3544 1744 3709 1803 plures
3743 1757 3817 1790 rea

2284 1815 2532 1873 sinyulari
2566 1813 2915 1874 aiynificantur
2937 1815 3013 1859 vel
3043 1827 3069 1859 0
3103 1815 3348 1860 contrario
3370 1827 3472 1859 una
3497 1826 3572 1859 res
3594 1813 3810 1872 plurali:

2356 1888 2581 1945 praeerat
2616 1883 2835 1929 Deborra
2870 1887 2923 1930 et
2956 1882 3143 1929 Barach
3182 1881 3213 1929 5
3241 1888 3299 1930 24
3348 1883 3435 1943 (cs.
3476 1882 3507 1929 6
3537 1882 3643 1941 24).

2355 1953 2458 1999 loca
2493 1965 2659 1999 eorum
2703 1951 2987 2012 (Thracum)
3030 1952 3082 1998 in
3121 1952 3375 2013 provincia
3414 1951 3613 1998 redacta
3644 1951 3816 2011 iugum

2424 2021 2625 2081 excepit
2669 2021 2913 2082 (Thracia)
2956 2021 3232 2067 Romanum
3271 2018 3336 2067 28
3368 2030 3446 2069 10.

2356 2091 2521 2139 omnia
2547 2091 2674 2152 quod
2704 2090 2781 2147 (=
2815 2090 3068 2151 quidquid)
3112 2091 3439 2137 constituerat
3475 2090 3682 2136 inritum
3717 2090 3817 2136 fore

2424 2159 2491 2207 34
2520 2168 2602 2207 31.

2359 2236 2414 2276 ut
2451 2229 2636 2276 nostris
2672 2229 2837 2276 verbis
2873 2229 3117 2275 choartem
3157 2227 3223 2275 53
3252 2236 3300 2276 6.

2356 2312 2480 2355 gens
2515 2311 2641 2358 quae
2685 2298 2831 2344 velud
2883 2298 3117 2356 Thyringi
3164 2299 3307 2358 equis
3355 2301 3571 2343 utuntur
3618 2297 3819 2344 eximiis

2427 2366 2493 2413 59
2519 2376 2568 2414 4.

2357 2437 2480 2483 haec
2516 2449 2629 2497 pars
2666 2441 2889 2496 optatum
2930 2437 3074 2496 potiti
3112 2436 3271 2482 solum
3309 2434 3375 2482 60
3404 2442 3484 2483 21.

2356 2519 2487 2566 pene
2531 2518 2726 2551 omnem
2777 2506 2948 2551 Asiam
3002 2506 3290 2564 subiugavit
3335 2511 3386 2550 et
3426 2539 3439 2551 .
3471 2541 3482 2551 .
3519 2539 3530 2550 .
3572 2502 3725 2549 Sorno
3761 2502 3820 2549 ad

2426 2574 2813 2635 persolvendum
2852 2575 3092 2621 tributum
3132 2574 3359 2620 subditos
3395 2574 3518 2619 fecit
3554 2570 3619 2620 66
3651 2579 3730 2619 13.

2358 2645 2586 2690 exercitu
2631 2681 2641 2691 .
2677 2681 2689 2692 .
2721 2677 2733 2690 .
2776 2644 2827 2689 in
2874 2643 2984 2689 aliis
3034 2644 3263 2704 partibus
3312 2642 3684 2703 expeditionem
3733 2654 3818 2699 ge-

2423 2713 2653 2760 rentibus
2690 2711 2754 2759 67
2785 2720 2831 2758 6.
3126 2719 3131 2724 ·

2354 2783 2726 2829 revertentibus
2756 2782 2807 2827 in
2841 2781 2890 2828 id
2916 2782 3106 2843 ipsum,
3150 2781 3395 2842 quidquid
3425 2787 3599 2842 partus
3623 2793 3820 2827 mascu-

2425 2852 2531 2898 lum
2569 2850 2833 2909 edidisset,
2876 2852 3002 2910 patri
3040 2851 3268 2898 redderet
3304 2849 3370 2899 69
3400 2858 3479 2899 10.

2357 2933 2469 2980 pars
2505 2933 2674 2966 eorum
2700 2920 2787 2979 qui
2815 2919 3038 2965 orientali
3075 2920 3216 2981 plaga
3251 2920 3455 2967 tenebat
3477 2921 3652 2979 eisque
3676 2932 3821 2980 prae·

2425 2995 2531 3035 erat
2566 2987 2857 3046 Ostrogotha
2894 2988 3015 3034 dicti
3052 2996 3172 3035 sunt
3209 2988 3531 3049 Ostrogothae
3570 2986 3634 3036 78
3664 2998 3708 3036 5.

2356 3058 2630 3117 imperante
2668 3058 2970 3104 Dioclitiano
3005 3064 3060 3104 et
3097 3057 3401 3105 Maximiano
3438 3056 3497 3106 81
3535 3065 3614 3105 14.

2358 3127 2498 3187 pigra
2533 3132 2748 3185 gepanta
2784 3126 2970 3173 dicitnr
3008 3124 3072 3175 82
3103 3135 3181 3174 14.

2356 3196 2544 3256 quibus
2590 3197 2761 3242 evenit
2807 3200 2866 3241 ut
2911 3195 3103 3242 adsolet
3144 3197 3283 3256 genti
3327 3195 3536 3242 necdum
3576 3195 3819 3251 fundatis,

2428 3266 2640 3325 penuria
2673 3266 2818 3312 samis
2853 3262 2919 3312 93
2953 3273 2995 3314 1.

2356 3334 2493 3381 intra
2540 3340 2684 3395 septa
2738 3339 3037 3394 castrorum,
3097 3349 3244 3396 quam
3301 3335 3534 3399 plaustris
3585 3334 3821 3381 vallatum

2427 3405 2640 3451 habebat
2679 3402 2769 3452 111
2805 3411 2888 3452 25.

2359 3487 2554 3521 omnem
2578 3474 2858 3520 exercitum
2884 3487 2998 3520 eum
3026 3475 3112 3534 qui
3139 3474 3301 3533 gladio
3338 3474 3624 3521 evadissent
3654 3472 3748 3521 129
3771 3483 3818 3520 9.

2289 3543 2436 3590 modo
2471 3542 2615 3589 verbo
2651 3542 2716 3588 ad
2748 3548 2937 3602 partem
2962 3548 3155 3590 tantum
3179 3546 3437 3591 sententiae
3463 3557 3610 3603 quam
3635 3541 3824 3590 claudit

2358 3614 2652 3677 coyitatione
2690 3612 2845 3658 relato
2889 3613 2967 3658 vel
3008 3626 3033 3658 0
3075 3616 3319 3658 contrario
3353 3614 3508 3659 relato
3549 3611 3613 3657 acl
3652 3614 3823 3660 omnia

2359 3681 2490 3742 quod
2525 3680 2592 3727 ad
2627 3681 2826 3740 sinyula
2857 3684 3097 3740 pertinet:

2359 3764 2563 3809 regnum
2601 3752 2820 3808 cognatis
2862 3750 3126 3809 (Gratiano
3163 3755 3208 3797 01
3241 3749 3621 3810 Valentiniano),
3665 3764 3823 3811 usque

2429 3820 2548 3866 dum
2586 3820 2672 3866 ille
2705 3817 3004 3880 (Gratianus)
3039 3820 3369 3866 Theodosium
3396 3820 3686 3878 ordinasset,
3718 3834 3823 3866 ser-

2428 3890 2564 3936 vavit
2600 3888 2666 3936 40
2695 3896 2776 3937 22.
3075 3899 3076 3902 ’

2360 3963 2515 4021 caput
2556 3959 2670 4004 0108
2715 3964 2767 4005 01
2813 3958 3020 4005 dextera
3072 3971 3249 4005 manus
3290 3995 3302 4006 .
3334 3995 3347 4007 .
3378 3993 3390 4005 .

2428 4026 2487 4075 41
2524 4036 2572 4076 8.

3432 3959 3822 4006 circumductum

2300 4089 2303 4092 ’
2362 4096 2584 4144 valamir
2632 4097 2767 4143 intra
2804 4133 2818 4146 .
2854 4133 2864 4144 .
2897 4132 2910 4145 .
2953 4097 3160 4158 fluvios,
3219 4096 3511 4144 Thiudimer
3558 4097 3699 4144 iuxta
3747 4096 3824 4143 la-

2430 4180 2642 4283 (Ῑιιὲιῖιὰ.
2679 4201 2724 4225 .,
2797 4165 3024 4213 Vidimer
3078 4167 3210 4212 inter
3265 4173 3500 4249 utrosque
3559 4166 3825 4213 manebant

2364 4304 2639 4365 Suavorum
2667 4317 2806 4361 reges
2822 4302 3184 4350 Hunimundus
3209 4308 3261 4349 et
3283 4303 3542 4350 Halaricus
3562 4305 3616 4350 in
3635 4303 3824 4350 Gothos

2429 4388 2562 4421 arma
2613 4380 2877 4419 moverunt
2925 4372 3040 4419 freti
3088 4373 3278 4420 auxilio
3326 4373 3681 4432 Sarmatarum,
3736 4374 3822 4433 qni

2480 4481 2490 4491 .
2526 4480 2537 4490 .
2578 4443 2827 4489 auxiliarii
2865 4443 2913 4488 ei
2950 4442 3274 4489 advenissent
3319 4441 3411 4489 129
3440 4449 3521 4489 24.

2361 4526 2572 4573 seseque
2597 4526 2710 4559 cum
2749 4513 3038 4572 parentibus
3062 4511 3360 4570 Vesegothis
3396 4512 3612 4569 iungens
3648 4524 3824 4572 corpus

2427 4582 2660 4630 efficiunt
2700 4580 2788 4629 131
2825 4591 2905 4631 19.

570 4662 685 4695 nec>
711 4661 843 4694 mora
892 4647 1236 4695 adverbialiter
1272 4668 1332 4689 =
1372 4651 1540 4695 statim
1577 4646 1633 4695 61
1676 4656 1718 4696 1.
1764 4648 1825 4696 73
1858 4659 1901 4694 5.
1961 4647 2045 4695 101
2087 4656 2165 4699 16.
2225 4652 2555 4698 numerositas
2592 4649 2657 4698 88
2691 4659 2766 4699 19.
2817 4650 2909 4699 105
2943 4659 3017 4699 11.

645 4716 851 4765 11417.
899 4716 991 4764 137
1024 4724 1184 4767 2.11.
1231 4717 1416 4766 13810
1455 4723 1499 4763 et
1535 4716 1669 4765 alibi.

572 4787 841 4833 necessitas
879 4805 940 4827 =
979 4788 1141 4833 iussus
1187 4787 1279 4834 123
1311 4795 1398 4834 14:

639 4855 961 4915 parricidium
1000 4857 1041 4901 si
1078 4856 1248 4916 iubet,
1289 4856 1600 4919 implendum
1638 4860 1743 4914 est3
1795 4854 1854 4899 de
1889 4855 2171 4901 calamitate

639 4925 703 4971 84
734 4931 814 4986 20,
857 4923 926 4983 cs.
970 4922 1000 4971 2
1032 4934 1077 4972 5.

571 4994 812 5052 negotiari
854 4995 1024 5040 vinum
1068 4992 1160 5040 127
1195 5002 1272 5042 10.

572 5065 855 5120 negotium:
896 5064 1105 5124 ancipiti
1136 5065 1332 5121 negotio
1374 5061 1467 5110 115
1496 5071 1542 5110 4.

571 5133 773 5190 nigredo
811 5130 875 5178 59
903 5141 949 5179 6.
992 5133 1049 5179 91
1090 5141 1133 5179 1.

1467 4788 1739 4832 necessitas
1787 4786 1975 4831 domini
2015 4787 2167 4832 etiam
2223 4788 2584 4834 obsecundare:
2629 4787 2766 4834 illius
2791 4787 2849 4833 ad
2889 4794 3070 4834 nutum
3107 4802 3184 4834 res
3223 4789 3422 4848 publica
3459 4786 3825 4835 obsecundabat

2296 4856 2388 4904 134
2417 4865 2467 4906 4.

2221 4928 2366 4973 obses
2404 4924 2729 4973 12811.15.
2776 4923 2871 4972 130
2899 4932 2982 4973 25.

2222 4996 2479 5042 obsidatus
2518 4993 2580 5042 19
2602 5001 2682 5043 28.

2222 5065 2539 5124 obstrepere:
2584 5065 2726 5110 nobis
2763 5064 2949 5124 aliquid
2986 5065 3296 5126 obstrepebit
3329 5065 3395 5113 64
3426 5075 3471 5114 3.

2222 5136 2450 5180 obturare
2487 5132 2551 5180 92
2585 5141 2663 5182 13.

572 5202 722 5248 11111118
749 5220 811 5242 =
836 5201 1009 5249 valde:
1053 5202 1205 5248 nimis
1243 5202 1576 5261 aequissimus
1611 5200 1676 5248 35
1705 5208 1797 5262 293
1838 5203 1948 5249 sim.
1990 5200 2045 5248 81
2087 5210 2164 5249 13.
2223 5203 2421 5249 obviare
2446 5216 2560 5248 cum
2585 5201 2686 5249 dat.
2724 5201 2742 5249 1
2775 5210 2852 5251 12.
2895 5201 2961 5250 29
2983 5211 3064 5252 25.
3106 5203 3171 5250 50
3195 5211 3276 5252 27.
3324 5202 3418 5251 109
3447 5211 3502 5263 2;
3543 5218 3654 5252 cum
3679 5218 3814 5255 actu:

644 5269 849 5318 1001s.
897 5269 990 5317 103
1020 5277 1099 5318 20.

570 5340 758 5386 nimius
804 5358 867 5380 =
912 5341 1115 5400 inyem,
1160 5342 1401 5399 optimus:
1462 5340 1620 5400 pisces
1669 5340 1811 5385 nimii
1868 5341 2054 5400 saporis
2104 5339 2168 5386 65
2224 5341 2545 5387 occidentalis
2594 5340 2769 5388 5517.
2822 5340 2996 5389 5611.
3059 5341 3155 5390 118
3184 5353 3231 5391 9.

644 5416 735 5468 163
794 5411 905 5457 sim.
948 5409 1013 5454 30
1041 5415 1122 5456 22.
1174 5407 1314 5456 313.
1368 5409 1507 5458 601.
1568 5408 1741 5456 6510.
1795 5407 1934 5456 821.
1988 5409 2162 5456 9015.

640 5475 812 5524 9910.
863 5477 1033 5526 1071.
1079 5475 1173 5523 109
1201 5484 1282 5525 21.
1329 5477 1426 5524 130
1453 5485 1534 5526 20.

2294 5272 2563 5317 adventum
2602 5271 2892 5318 Parthorum
2930 5273 3129 5319 obviare
3166 5273 3233 5322 49
3261 5281 3341 5321 28.

3317 5343 3585 5389 occidualis
3635 5340 3698 5389 32
3735 5348 3817 5390 21.

2294 5410 2533 5528 ῗξὲωὶιηε
2570 5408 2634 5457 28
2671 5417 2752 5459 20.
2806 5408 2860 5457 31
2911 5417 2988 5458 27.
3047 5411 3111 5458 55
3143 5421 3191 5460 8.
3245 5411 3417 5460 7416.
3473 5409 3537 5458 78
3567 5419 3612 5458 7.
3662 5408 3727 5457 92
3770 5419 3816 5458 5.

574 5546 772 5604 nobilis,
816 5547 1049 5593 nobilitas
1089 5545 1261 5594 7410.
1305 5545 1361 5593 81
1403 5554 1478 5593 17.
1521 5546 1582 5594 87
1615 5556 1660 5595 s.
1704 5546 1768 5594 88
1797 5555 1843 5595 6.
1886 5546 2061 5594 9614.
2102 5545 2169 5593 99
2222 5551 2316 5595 offa
2352 5547 2412 5596 91
2446 5555 2494 5597 2.

644 5622 725 5666 22.
772 5615 973 5663 10314.
1016 5614 1113 5662 109
1142 5623 1221 5663 20.
1269 5614 1472 5666 11714.
1520 5614 1723 5664 11910.
1771 5615 1977 5665 13819.

2223 5618 2457 5679 offocare:
2499 5618 2645 5665 odore
2680 5632 2953 5680 prunarum
2992 5621 3226 5666 offocatus
3264 5617 3330 5666 39
3360 5628 3439 5668 19.

574 5698 752 5732 nomen
792 5686 870 5731 vel
910 5699 1070 5744 genus
1112 5685 1375 5731 Gothorum
1399 5684 1569 5732 6617.
1610 5711 1677 5718 -
1705 5685 1919 5731 Venethi
1959 5687 2051 5732 tria
2078 5700 2169 5732 no-
2194 5685 2544 5747 'Olympiades
2579 5701 2712 5735 nom.
2754 5690 2880 5748 ainy.
2923 5688 2954 5736 6
2983 5698 3062 5737 34.

642 5756 775 5801 mina
810 5754 1079 5802 ediderunt
1124 5754 1456 5810 Venetiam-um,
1498 5754 1762 5816 Antamm,
1816 5756 2171 5802 sclavenorum
2224 5758 2452 5803 omnino:
2495 5770 2608 5802 cum
2647 5757 2841 5803 Parthis
2877 5764 2928 5804 et
2955 5758 3192 5805 Vandalis
3225 5759 3428 5805 omnino
3462 5759 3824 5806 infestantibus

642 5822 707 5871 89
738 5832 780 5871 1.

726 5921 972 5962 loanaaas.

2293 5824 2360 5873 43
2390 5834 2447 5884 3;
2503 5825 2723 5872 insulam
2771 5828 2973 5874 omnino
3020 5828 3100 5873 sui
3148 5829 3307 5888 spatio
3353 5830 3408 5874 in
3444 5828 3589 5887 longo
3626 5828 3822 5888 latoque

3345 5929 3409 5981 25
