4882 6775
1115 472 1141 531 1
1160 472 1236 533 16
2559 462 2921 519 loRnAms

851 656 1064 720 XLIII
1111 658 1276 723 facie
1336 657 1684 725 terribilior
1740 656 2123 722 immineret.
2231 654 2426 737 igitur
2484 655 2564 718 ab
2611 653 2815 719 Dacia
2862 661 2925 718 et
2970 652 3301 717 Pannonia
3353 649 3728 737 provinciis,
3797 649 3865 714 18
3926 648 4156 733 quibus
4215 654 4366 713 tunc

1110 761 1329 826 Hunni
1383 780 1526 825 cum
1587 759 1863 825 diversis
1916 757 2190 823 subditis
2246 756 2615 822 nationibus
2674 756 3074 835 insidebant,
3143 755 3482 838 egrediens
3526 754 3729 819 Attila
3770 754 3838 818 in
3882 753 4125 817 Alanos
4171 750 4369 816 movit

943 865 1064 926 227
1113 864 1526 948 procinctum.
1622 863 1740 927 sed
1783 859 2170 926 Thorismud
2216 880 2329 925 rex
2373 860 2904 943 vesegotharum,
2958 859 3248 924 fraudem
3295 858 3533 923 Attilae
3578 877 3704 922 non
3756 857 3965 941 inpari
4010 855 4365 920 subtilitate

1107 966 1530 1050 presentiens,
1585 964 1671 1030 ad
1714 965 1957 1029 Alanos
2001 970 2138 1029 tota
2180 961 2522 1028 velocitate
2568 963 2744 1045 prius
2789 963 3072 1041 advenit,
3130 962 3346 1046 ibique
3394 960 3906 1046 supervenientis
3949 958 4190 1024 Attilae
4234 957 4365 1021 iam

1109 1070 1391 1134 motibus
1436 1075 1814 1153 preparatus
1858 1065 2161 1147 occurrit,
2230 1075 2648 1148 consertoque
2695 1066 2939 1149 proelio
2999 1085 3161 1150 pene
3209 1064 3404 1129 simili
3450 1084 3596 1129 eum
3643 1071 3896 1143 tenore,
3967 1069 4037 1128 ut
4078 1061 4255 1146 prius
4299 1060 4366 1123 in

1112 1191 1371 1256 campos
1403 1171 1879 1249 catalaunicos,
1932 1170 2014 1234 ab
2047 1188 2161 1254 spe
2193 1170 2464 1234 removit
2493 1169 2797 1233 victoriae
2831 1168 3249 1252 fugatumque
3282 1189 3323 1233 a
3352 1168 3644 1252 partibus
3695 1167 3829 1231 suis
3862 1166 4002 1230 sine
4049 1163 4365 1248 triumpho

1111 1276 1442 1340 remittens
1502 1274 1566 1337 in
1629 1273 1819 1338 sedes
1878 1272 2168 1356 proprias
2227 1271 2438 1355 fugire
2496 1272 2824 1355 compulit.
2921 1272 3014 1336 sic
3057 1272 3260 1336 Attila
3320 1271 3605 1335 famosus
3657 1276 3722 1335 et
3777 1270 4118 1334 multarum
4167 1266 4367 1332 victo*

1113 1378 1346 1442 riarum
1394 1377 1686 1441 dominus
1732 1376 1884 1440 dum
1917 1374 2166 1457 quaerit
2210 1374 2449 1439 famam
2495 1375 2835 1458 perditoris
2883 1375 3136 1440 abicere
3183 1382 3246 1439 et
3274 1373 3445 1457 quod
3490 1373 3668 1457 prius
3715 1393 3755 1437 a
3783 1370 4171 1454 Vesegothis
4218 1389 4367 1454 per-

941 1483 1063 1544 228
1110 1480 1346 1545 tulerat
1401 1481 1691 1560 abolere,
1756 1478 2087 1561 geminata
2147 1478 2465 1543 sustenuit
2521 1479 3031 1561 ingloriosusque
3077 1477 3365 1544 recessit.
3459 1475 3847 1541 Thorismud
3891 1494 4041 1541 vero
4087 1472 4367 1558 repulsis

1110 1583 1194 1647 ab
1239 1582 1463 1647 Alanis
1524 1582 1897 1646 Hunnorum
1956 1581 2234 1646 catervis
2294 1581 2433 1645 sine
2496 1581 2715 1665 aliqua
2789 1600 3044 1645 suorum
3103 1580 3352 1646 lesione
3411 1580 3649 1644 Tolosa
3714 1578 4017 1661 migravit
4072 1597 4365 1642 suorum-

1109 1705 1233 1767 que
1279 1686 1497 1768 quieta
1527 1705 1686 1769 pace
1720 1684 2049 1768 conposita
2092 1684 2277 1749 tertio
2324 1704 2492 1748 anno
2524 1684 2707 1765 regni
2754 1684 2853 1749 sui
2887 1692 3208 1766 egrotans,
3263 1683 3414 1748 dum
3448 1683 3829 1765 sanguinem
3862 1680 4027 1747 tollit
4057 1680 4137 1745 de
4169 1700 4356 1757 vena,

556 1837 641 1871 nn·
758 1782 951 1871 ,ᾗῇ-κζ.
1110 1790 1191 1853 811
1223 1789 1457 1853 Α88818
1503 1809 1618 1854 880
1664 1788 1881 1853 8118811
1932 1787 2187 1851 inimico
2217 1787 2551 1852 nuntiante
2574 1807 2761 1882 23¹⁰.st
2795 1787 3124 1871 subtracta
3153 1794 3521 1870 peremptus
3553 1793 3672 1852 est.
3739 1806 3867 1851 una
3896 1792 4112 1850 tamen
4143 1804 4357 1863 manu,

1109 1912 1300 1974 quam
1348 1892 1616 1957 liberam
1661 1890 1977 1971 habebat,
2045 1889 2385 1954 scabillum
2429 1896 2655 1954 tenens
2703 1890 3038 1972 sanguinis
3099 1889 3198 1954 sui
3259 1889 3471 1954 extitit
3530 1890 3736 1969 ultor,
3799 1889 4162 1971 aliquantos
4207 1886 4368 1950 insi-

1110 1993 1364 2059 diantes
1411 1995 1533 2060 sibi
1579 1994 1984 2077 extinguens.

693 2097 904 2164 XLIV
937 2102 1059 2162 229
1280 2099 1433 2163 Post
1462 2098 1642 2163 cuius
1674 2098 2011 2162 decessum
2036 2095 2486 2162 Theoderidus
2517 2116 2863 2178 germanus
2901 2096 3044 2160 eius
3068 2096 3621 2179 Vesaegotharum
3653 2095 3720 2159 in
3751 2114 3947 2177 regno
3981 2093 4358 2169 succedens,

1109 2222 1254 2265 mox
1300 2200 1644 2265 Riciarium
1693 2200 2050 2265 Suavorum
2109 2219 2324 2280 regern
2388 2207 2727 2283 cognatum
2790 2219 2973 2264 suum
3035 2199 3316 2283 repperit
3367 2198 3716 2263 inimicum.
3814 2198 3918 2262 hic
3970 2197 4205 2262 etenim
4252 2196 4367 2260 Ri-

1109 2304 1342 2369 ciarius
1387 2303 1705 2369 affinitate
1751 2301 2142 2367 Theoderidi
2187 2321 2599 2385 presumens,
2669 2302 3036 2367 universam
3098 2322 3263 2386 pene
3310 2302 3616 2386 Spaniam
3679 2301 3803 2366 sibi
3861 2300 4135 2366 credidit
4178 2319 4368 2364 occu-

1107 2405 1408 2491 pandam,
1460 2406 1752 2472 iudicans
1785 2412 2161 2489 oportunum
2207 2412 2462 2488 tempus
2508 2405 2938 2489 subreptionis
2985 2405 3405 2489 incomposita
3447 2404 3634 2470 initia
3663 2411 3976 2488 temptare
4007 2404 4361 2487 regnantis.

940 2513 1063 2576 230
1109 2510 1340 2591 quibus
1401 2516 1595 2574 antea
1647 2507 1927 2573 Gallicia
1985 2515 2050 2572 et
2110 2507 2444 2591 Lysitania
2501 2508 2690 2574 sedes
2752 2507 2966 2587 fuere,
3035 2528 3202 2590 quae
3258 2508 3324 2572 in
3384 2508 3608 2573 dextro
3665 2508 3869 2573 latere
3916 2506 4196 2591 Spaniae
4255 2526 4370 2590 per

1104 2612 1308 2695 ripam
1357 2611 1599 2677 Oceani
1645 2611 2088 2695 porriguntur,
2141 2610 2455 2675 habentes
2501 2612 2583 2676 ab
2630 2611 2871 2675 oriente
2918 2611 3381 2695 Austrogonia,
3435 2612 3517 2676 ab
3566 2610 3898 2675 occidente
3950 2610 4015 2674 in
4062 2628 4368 2694 promun-

1102 2714 1262 2779 torio
1309 2734 1559 2779 sacrum
1606 2713 1923 2797 Scipionis
1968 2712 2241 2776 Romani
2285 2711 2469 2778 ducis
2514 2721 3014 2795 monumentum,
3067 2734 3107 2777 a
3151 2713 3581 2798 septentrione
3613 2714 3958 2794 Oceanum,
4013 2733 4054 2777 a
4098 2712 4367 2777 meridie

1104 2816 1503 2899 Lysitaniam
1534 2824 1598 2882 et
1640 2815 1907 2879 fiuvium
1938 2816 2211 2897 Tagum,
2266 2815 2376 2898 qui
2406 2816 2666 2881 harenis
2713 2817 2848 2880 suis
2893 2816 3287 2901 permiscens
3335 2816 3473 2880 auri
3506 2816 3771 2881 metalla
3815 2815 4013 2880 trahit
4042 2835 4185 2880 cum
4230 2814 4368 2878 limi

1105 2918 1355 2984 vilitate
1416 2918 1699 2984 divitias.
1809 2917 2043 2982 exinde
2103 2937 2255 2999 ergo
2315 2919 2543 2983 exiens
2605 2919 2920 2984 Riciarius
2972 2939 3086 2984 rex
3144 2919 3501 2983 Suavorum
3576 2918 3798 2985 nititur
3860 2925 4029 2984 totas
4090 2918 4366 3003 Spanias

939 3030 1053 3093 231
1108 3042 1442 3107 occupare.
1525 3022 1623 3087 cui
1655 3020 2103 3087 Theodoridus
2148 3029 2460 3104 cognatus
2506 3042 2683 3103 8888,
2737 3029 2807 3088 ut
2851 3029 2990 3087 erat
3033 3022 3422 3105 moderatus,
3475 3022 3727 3106 legatos
3767 3021 4048 3100 mittens,
4099 3019 4367 3105 pacifice

1106 3125 1303 3206 dixit,
1367 3133 1435 3192 ut
1486 3146 1613 3192 808
1674 3126 1880 3190 solum
1934 3124 2265 3189 recederet
2320 3145 2359 3188 a
2418 3124 2655 3189 finibus
2715 3126 2982 3206 alienis,
3051 3145 3272 3190 verum
3331 3126 3521 3191 etiam
3584 3144 3704 3190 nec
3764 3130 4079 3209 temptare
4140 3142 4366 3207 presu-

1106 3236 1342 3309 meret,
1407 3227 1623 3293 odium
1683 3228 1805 3293 sibi
1851 3227 1968 3292 tali
2013 3226 2359 3293 ambitione
2405 3227 2774 3311 adquirens.
2868 3228 2982 3294 ille
3041 3248 3193 3293 vero
3254 3228 3465 3294 animo
3524 3228 3880 3312 pretumido
3925 3227 4047 3293 ait:
4130 3226 4218 3291 ‘si
4263 3225 4368 3290 hic

1113 3335 1507 3398 ‘murmuras
1554 3336 1618 3396 et
1662 3350 1763 3396 me
1810 3330 2028 3396 venire
2076 3330 2392 3412 causaris,
2447 3332 2785 3412 Tolosam,
2839 3331 2950 3398 ubi
2994 3337 3063 3397 tu
3112 3330 3333 3399 sedes.
3384 3331 3675 3410 veniam;
3730 3330 3843 3411 ibi,
3898 3330 3952 3396 si
4006 3331 4209 3410 vales,
4262 3349 4369 3395 re-

1279 3696 1334 3743 H
1358 3695 1400 3742 Ρ
1430 3697 1474 3743 V
1494 3695 1537 3742 L
1563 3697 1606 3742 A
1639 3694 1681 3742 O
1710 3694 1888 3757 (deficit
1913 3697 1966 3742 in
1994 3692 2054 3742 17
2082 3708 2163 3742 cre
2188 3693 2311 3754 solio
2333 3695 2510 3755 exciso)
2539 3695 2583 3742 B
2609 3696 2657 3742 X
2686 3695 2751 3754 (Y
2774 3697 2855 3756 Z).
2931 3695 3122 3745 Paulus
3162 3701 3246 3759 14,
3287 3699 3319 3744 2
3361 3697 3403 3755 (1
3447 3697 3508 3744 ab
3548 3696 3702 3746 Dacia
3739 3702 3789 3744 et
3825 3696 4120 3756 Pannonia).

1283 3867 1303 3916 1
1347 3868 1500 3916 facies
1539 3867 1582 3915 L
1823 3869 2068 3915 emineret
2111 3865 2201 3913 OB
2455 3869 2515 3915 ab
2553 3862 2711 3933 dacia]
2752 3866 2950 3928 OBXY,
2994 3883 3022 3915 a
3058 3869 3197 3916 dacia
3232 3867 3442 3926 HPVA,
3484 3868 3692 3916 audacia
3733 3866 3775 3914 L
4029 3870 4217 3930 pannis
4259 3868 4300 3915 O

1103 3950 1183 4021 in]
1220 3968 1331 4003 8818
1368 3953 1413 4000 L
1624 3950 1653 4000 2
1691 3953 1989 4001 insedebant
2030 3952 2072 4000 O
2303 3953 2332 4002 3
2371 3953 2616 4002 torismud
2654 3955 2717 4012 A,
2758 3954 3070 4002 thorismund
3114 3953 3304 4002 OBXY
3506 3954 3907 4014 uuisigothorum
3947 3953 4042 4000 ΧΥ
4249 3956 4373 4002 sub-

1102 4041 1297 4089 dilitate
1334 4039 1380 4087 Ρ
1584 4037 1617 4086 4
1651 4039 1968 4101 persentiens
2010 4038 2099 4086 OB
2305 4036 2596 4106 uelocitate]
2632 4040 2918 4088 subtilitate
2951 4040 3040 4088 OB
3249 4036 3481 4107 aduenit]
3516 4041 3658 4088 uenit
3689 4041 3734 4088 A
3944 4042 4371 4103 superuenientes

1106 4128 1149 4175 L
1397 4126 1426 4173 5
1464 4130 1786 4187 consortoque
1831 4125 1874 4172 O
2068 4138 2073 4142 ’
2117 4125 2149 4174 ὓ
2186 4128 2376 4189 campis
2413 4127 2739 4174 catalaunicis
2777 4126 2869 4173 AB
3097 4123 3182 4193 ab]
3218 4142 3246 4174 8
3281 4127 3325 4175 L
3549 4128 3789 4174 rennuit
3831 4127 4062 4188 (remouit
4093 4113 4182 4186 vt»)
4223 4126 4303 4174 γ’

1103 4214 1427 4275 sagatumque
1472 4212 1514 4260 O
1758 4210 1786 4258 7
1827 4207 2014 4278 fugire]
2051 4212 2304 4272 HPVLO,
2347 4214 2522 4273 fugere
2560 4212 2747 4260 ABXY
2989 4215 3229 4276 compluit
3262 4214 3320 4272 V,
3361 4214 3642 4275 conpulitur
3682 4212 3723 4259 O
3966 4219 4018 4260 et
4053 4215 4197 4261 mult.
4243 4215 4367 4262 uict.

1103 4300 1233 4349 dom.
1274 4313 1370 4347 om.
1402 4299 1444 4347 L
1670 4296 1700 4346 8
1740 4304 1793 4346 et
1828 4294 1984 4365 quod]
2020 4312 2168 4360 quam
2210 4298 2343 4346 ΧΥΖ
2554 4314 2583 4346 8
2618 4296 2925 4366 uesegothis]
2962 4300 3251 4360 uesegothis
3290 4299 3340 4361 V,
3385 4316 3413 4350 8
3451 4300 3737 4358 uesogothis
3773 4298 3834 4358 L,
3876 4299 3937 4346 ab
3975 4300 4266 4359 nesegothis
4304 4300 4365 4356 B,

1102 4387 1313 4435 adnerse
1350 4385 1515 4445 gothis
1546 4384 1588 4432 O
1798 4384 1829 4434 9
1866 4385 2167 4444 geminatam
2200 4371 2329 4447 013⁶,
2372 4386 2701 4446 germinatam
2728 4384 2804 4433 B‘
3013 4381 3293 4452 sustenuit]
3318 4383 3478 4446 ΗΡΘ,
3523 4387 3770 4433 sustinuit
3802 4384 4082 4432 VLABXY
4286 4387 4371 4433 in-

1100 4473 1393 4534 gloriusque
1437 4470 1628 4519 OBXY
1850 4466 2075 4536 recessit]
2115 4470 2365 4534 AOBXY,
2409 4472 2619 4521 secessit
2655 4470 2845 4520 HPVL
3066 4471 3312 4519 torismud
3349 4472 3410 4531 A,
3451 4471 3763 4519 thorismund
3800 4470 3954 4533 BXY,
3996 4472 4287 4520 thorimund
4330 4470 4373 4517 O

1106 4558 1167 4608 10
1205 4559 1457 4606 cateruuis
1491 4556 1544 4617 V,
1587 4558 1832 4604 cataeruis
1875 4557 1917 4605 O
2142 4558 2347 4605 tolosam
2387 4558 2495 4618 AB,
2540 4558 2835 4618 t(h)olosum
2873 4559 2969 4605 ΧΥ
3201 4556 3257 4606 11
3300 4558 3546 4617 88838188
3591 4556 3633 4604 0
3865 4555 3925 4605 12
3962 4560 4022 4606 ab
4061 4561 4219 4607 ascalc
4255 4554 4372 4624 suo]

1100 4644 1256 4703 PLO,
1298 4645 1356 4692 ab
1382 4645 1541 4691 ascale
1564 4656 1655 4691 suo
1680 4643 1748 4703 H,
1788 4644 1847 4691 ab
1873 4644 2126 4692 ascalerno
2151 4643 2211 4706 B,
2254 4646 2318 4692 ab
2344 4644 2471 4693 scale
2497 4657 2587 4692 8110
2622 4644 2674 4704 V,
2717 4647 2777 4692 ab
2804 4645 2965 4692 ascalo
2991 4658 3082 4693 suo
3116 4645 3178 4704 A,
3222 4646 3282 4692 ab
3307 4644 3513 4691 ascalcla
3538 4657 3628 4692 suo
3670 4644 3729 4703 Χ,
3770 4646 3831 4691 811
3857 4644 4051 4692 ascalda
4078 4658 4169 4692 suo
4214 4644 4268 4702 Y,
4312 4645 4374 4691 ab

1100 4731 1324 4779 aschacla
1360 4743 1450 4778 8110
1476 4730 1519 4776 Ζ
1724 4724 1923 4795 clienti]
1962 4729 2120 4788 HPV,
2160 4730 2347 4778 cliente
2377 4729 2663 4777 LAOBXY
2865 4727 3090 4796 inimico]
3126 4730 3377 4792 HPVLA,
3419 4732 3649 4778 inimicos
3683 4730 3840 4788 OBX,
3881 4731 4177 4779 inimicitias
4219 4731 4304 4778 Yz

1100 4832 1232 4865 811118
1269 4818 1521 4864 substacta
1564 4815 1622 4877 O,
1665 4816 1816 4862 armis
1855 4816 2127 4864 subtractis
2166 4815 2310 4863 BXY
2515 4812 2710 4883 tamen]
2748 4821 2948 4864 tantum
2989 4815 3127 4864 XYZ
3353 4814 3413 4864 13
3451 4812 3626 4882 quam]
3662 4816 3794 4878 quod
3837 4815 3878 4862 O
4086 4813 4374 4883 scabillum]

1103 4902 1313 4963 ΗΡΟΧ,
1355 4903 1620 4952 scabellum
1658 4901 1832 4949 VLAB
1845 4901 1886 4948 Y
2087 4903 2323 4962 sanguini
2368 4900 2438 4949 0¹⁸
2652 4898 2845 4968 extitit]
2885 4901 3132 4949 HLAOX
3141 4902 3191 4958 Y,
3236 4904 3418 4950 extetit
3455 4887 3597 4963 P⁶V‚
3640 4903 3851 4950 exstetit
3879 4901 3972 4962 P‘,
4017 4905 4221 4951 exstitit
4256 4904 4304 4951 B

1102 4990 1404 5039 insidientes
1436 4987 1478 5034 O
1689 4986 1750 5036 15
1788 4989 2077 5036 descessum
2120 4986 2163 5034 Ο
2372 4988 2692 5036 theodoridus
2732 4987 2790 5050 L,
2833 4988 3145 5036 theodoritus
3190 4988 3280 5035 OB
3484 4990 3593 5037 eins
3630 5004 3724 5037 om.
3757 4989 3854 5036 ΧΥ
4056 4990 4374 5051 uuisigotho·

1104 5091 1212 5124 rum
1255 5075 1407 5137 ΧΥΖ,
1448 5090 1546 5123 om.
1580 5077 1622 5122 A
1868 5087 2081 5135 regnum
2118 5077 2160 5120 A
2413 5073 2474 5122 16
2511 5076 2744 5122 riciarum
2786 5073 2892 5136 OB,
2935 5076 3184 5123 riacirium
3224 5075 3289 5122 Αἱ
3533 5088 3806 5123 suouorum
3848 5073 3907 5134 O,
3948 5089 4218 5124 suenorum
4257 5077 4303 5123 A

1102 5157 1392 5227 inimicum]
1424 5162 1684 5209 inimicum
1722 5175 1870 5208 suum
1909 5160 1974 5208 B¹
2200 5156 2416 5226 etenim]
2452 5162 2575 5208 item
2620 5160 2709 5208 OB
2958 5160 3014 5209 17
3052 5161 3329 5210 theodoridi
3366 5161 3428 5221 L,
3467 5161 3735 5209 theodoriti
3777 5160 3864 5208 OB
4087 5162 4374 5224 hispaniam

1102 5247 1297 5296 ABXY
1500 5247 1719 5294 crededit
1759 5246 1804 5292 P
2013 5244 2073 5294 18
2112 5248 2427 5310 subreptioni
2465 5248 2790 5309 incomposito
2827 5248 2972 5295 initio
3010 5249 3056 5295 A
3276 5246 3338 5296 19
3375 5253 3492 5296 8818
3531 5246 3576 5294 Β
3783 5247 3991 5306 gallecia
4028 5249 4074 5295 A
4284 5249 4373 5295 lu-

1103 5336 1286 5385 sitania
1322 5331 1480 5392 AXY,
1521 5332 1745 5381 lisitania
1782 5332 1826 5380 L
2052 5329 2203 5398 quae]
2239 5335 2329 5394 qui
2367 5334 2413 5380 A
2638 5333 2897 5395 hispaniae
2936 5333 3213 5381 VLABXY
3435 5332 3500 5383 20
3537 5334 3707 5383 occani
3748 5334 3790 5380 B
3998 5335 4373 5395 austrogoniam

1097 5421 1190 5469 ΒΧ
1202 5418 1253 5480 Υ,
1293 5418 1545 5467 8118110818
1579 5417 1739 5477 HPV,
1780 5418 2086 5465 austroniam
2127 5420 2191 5478 A,
2233 5418 2463 5466 antronia
2500 5417 2545 5465 L
2752 5420 3120 5480 promunctario
3157 5420 3202 5467 A
3447 5418 3506 5468 21
3549 5434 3685 5469 sacro
3723 5420 3862 5467 XYZ
4068 5433 4372 5468 monumen·

1098 5504 1231 5573 tum]
1269 5506 1555 5566 sepulcrum
1593 5504 1638 5550 A
1863 5501 1928 5551 22
1964 5504 2255 5551 lusitaniam
2293 5505 2389 5551 ΒΧ
2398 5504 2450 5566 Y,
2495 5505 2772 5553 lisitaniam
2810 5506 2853 5553 L
3061 5507 3114 5554 fl.
3154 5511 3254 5565 183.
3303 5507 3462 5565 (tagou
3503 5501 3592 5572 L)]
3626 5513 3731 5565 tag.
3772 5507 3826 5554 u.
3866 5506 3911 5552 A
4137 5503 4203 5554 23
4241 5506 4373 5552 rica·

1097 5595 1203 5641 rius
1239 5591 1313 5639 A⁰
1555 5603 1823 5638 suenorum
1862 5589 1906 5636 A
2150 5594 2281 5638 totas
2316 5590 2576 5651 hispanias
2615 5590 2816 5650 AXYZ,
2857 5596 3009 5639 totam
3045 5592 3328 5653 hispaniam
3363 5592 3493 5640 VLB
3742 5590 3808 5640 24
3846 5592 4167 5640 theoderidus
4213 5591 4368 5653 VXY,

1097 5679 1415 5726 theodoritus
1453 5677 1512 5737 B,
1553 5677 1867 5726 theodericus
1904 5677 1969 5739 L,’
2006 5670 2165 5725 theod
2201 5677 2246 5724 A
2493 5675 2557 5725 25
2595 5677 2873 5726 discederet
2910 5678 2952 5723 A
3201 5677 3266 5727 26
3303 5674 3597 5744 adquirens]
3634 5680 3934 5740 perquirens
3972 5677 4014 5725 L
4262 5674 4372 5745 hic]

1097 5765 1218 5813 hinc
1257 5763 1394 5810 XYZ
1601 5762 1662 5812 27
1702 5763 1999 5824 t(h)olosum
2036 5761 2173 5809 XYZ

4408 1594 4461 1634 10

4409 2112 4462 2151 ¹⁵

4405 2624 4462 2667 20

4405 3142 4463 3184 25
