4882 6775
1143 472 1351 536 XLVI
1870 533 1887 549 ‚
2540 472 2998 528 Pnoomssvm.

1144 703 1213 761 nt
1251 701 1340 779 pl.
1393 720 1471 761 m.
1524 718 1587 781 p.
1642 700 1703 777 8,
1757 700 1794 761 3
1841 704 1906 762 et
1964 720 2124 780 may.
2190 701 2315 762 mil.
2381 698 2623 783 passim
2684 698 2751 762 in
2809 697 3421 781 Heidelbergensem
3481 696 3710 761 librum
3768 695 4059 776 aliosque
4118 694 4391 777 optimos

1144 835 1427 900 quosque
1480 816 1619 882 sine
1665 817 1859 882 dubio
1903 838 1983 882 ex
2036 818 2379 903 archetypo
2434 820 2743 884 translata
2796 824 2962 883 sunt.
3065 818 3291 884 eodem
3345 817 3570 882 referri
3621 822 3950 901 poterunt,
4005 833 4388 896 quamquam

1142 937 1417 1004 fortasse
1474 937 1974 1029 immutationem
2031 939 2350 1022 quandam
2412 939 2764 1019 subierunt,
2832 927 2944 1003 iffi·
2987 960 3050 1023 p.
3107 942 3164 1019 7,
3222 942 3335 1018 31,
3405 924 3572 1021 Pei—pt
3613 960 3676 1022 p.
3732 941 3832 1019 11,
3877 939 3975 1017 11,
4031 922 4210 1017 iffi,
4262 920 4378 1015 {c—s,

1143 1045 1237 1139 (ῖς,
1289 1045 1426 1122 W.
1478 1057 1595 1124 sed
1639 1060 1824 1142 plura
1867 1059 2268 1144 reperiuntur
2311 1060 2502 1126 etiam
2550 1059 2614 1124 in
2659 1059 3195 1142 Heidelbergensi
3239 1060 3323 1125 ab
3360 1059 3478 1123 illa
3506 1065 3719 1125 aetate
3763 1057 4000 1135 aliena,
4055 1061 4126 1120 ut
4171 1042 4260 1117 ἦῖἶ
4303 1084 4388 1109 --

1143 1178 1357 1260 milia,
1426 1166 1509 1242 cTu
1552 1209 1637 1234 ---
1680 1186 1927 1261 autem,
1992 1166 2070 1241 ιῖὀ
2114 1208 2199 1234 ---
2243 1200 2427 1258 vero,
2482 1168 2520 1243 (ἶ
2555 1210 2639 1235 =
2684 1188 2817 1261 est,
2891 1202 3017 1245 non
3075 1179 3275 1244 multa
3325 1187 3539 1245 tamen
3602 1198 3810 1261 neque
3862 1177 4232 1257 frequenter
4275 1175 4392 1239 ad-

1144 1300 1359 1381 missa,
1414 1307 1484 1365 ut
1526 1300 1647 1364 hoc
1690 1319 1943 1382 quoque
1986 1301 2241 1365 nomine
2286 1300 2343 1364 is
2386 1300 2549 1366 liber
2592 1300 2678 1365 ad
2729 1302 2963 1367 aetatis
3008 1302 3332 1365 Romanae
3388 1300 3808 1385 archetypum
3852 1317 4050 1383 prope
4095 1296 4381 1361 accedat.

852 1415 1119 1510 ‘imggffu‘gg‘ssss
1318 1420 1567 1485 Primus
1613 1419 1768 1484 ordo
1813 1420 2120 1484 librorum
2166 1426 2235 1485 ut
2274 1420 2341 1485 in
2386 1422 2752 1487 universum
2799 1428 2864 1486 et
2906 1427 3120 1486 aetate
3164 1427 3229 1486 et
3284 1420 3649 1504 integritate
3693 1418 3854 1484 duos
3897 1417 4059 1483 alios
4105 1423 4383 1499 superat,

1138 1540 1234 1605 ita
1278 1541 1452 1605 solus
1497 1538 1684 1604 hodie
1730 1540 1925 1605 habet
1967 1540 2255 1605 libellum
2302 1541 2382 1607 de
2429 1542 2679 1608 actibus
2711 1544 3137 1607 Romanorum
3185 1562 3327 1608 cum
3360 1541 3607 1607 Geticis
3650 1540 3732 1604 ab
3763 1539 3904 1623 ipso
3934 1544 4193 1603 auctore
4240 1557 4390 1601 con—

1138 1660 1443 1739 iunctum,
1495 1680 1681 1742 quem
1727 1666 1941 1726 tamen
1984 1661 2331 1743 aliquando
2376 1683 2458 1727 ne
2503 1684 2543 1727 a
2589 1662 2867 1728 secundo
2913 1662 3173 1744 quidem
3219 1661 3438 1727 ordine
3484 1660 3728 1726 afuisse
3773 1665 4023 1725 constat
4051 1664 4389 1743 potestque

1140 1780 1340 1846 fuisse
1383 1780 1535 1846 item
1579 1781 1648 1845 in
1691 1781 2041 1865 archetypo
2087 1781 2328 1846 ordinis
2372 1782 2565 1848 tertii.
2647 1781 2855 1865 magis
2899 1782 3226 1867 proprium
3273 1787 3371 1847 est
3413 1781 3563 1847 huic
3593 1780 3798 1846 ordini
3840 1779 4166 1860 librorum,
4219 1776 4388 1860 quod

1136 1902 1204 1965 in
1250 1901 1723 1986 exemplaribus
1766 1902 2045 1983 antiquis
2092 1907 2156 1967 et
2199 1923 2239 1966 a
2283 1902 2595 1988 principio
2638 1902 2904 1986 integris
2959 1902 3046 1985 [id
3091 1910 3189 1968 est
3231 1903 3297 1967 in
3334 1907 3450 1983 PV,
3501 1903 3656 1967 item
3700 1900 3767 1965 in
3804 1899 4118 1983 Aug-lensi
4164 1899 4392 1983 deper-

1139 2022 1270 2086 dito
1317 2043 1461 2087 cum
1507 2022 1686 2086 libris
1732 2043 1812 2087 ex
1859 2042 1934 2086 eo
1978 2023 2301 2107 derivatis)
2333 2028 2402 2107 se)
2444 2023 2870 2107 praemittitur
2914 2043 3168 2089 carmen
3210 2023 3622 2107 inscriptum:
3683 2020 4095 2104 ‘rescriptum
4124 2018 4389 2083 Honorii

1146 2142 1493 2208 ‘scolastici
1538 2149 1756 2207 contra
1798 2142 1951 2208 illas
1982 2144 2294 2227 epistulas
2325 2144 2742 2210 exortatorias
2773 2143 3091 2209 Senecae'
3138 2144 3251 2227 (sic
3291 2149 3422 2221 PV;
3478 2143 3577 2207 ‘in
3617 2129 3766 2206 X'P'I‘
3795 2141 4050 2206 nomine
4080 2140 4390 2224 incipiunt

1144 2266 1403 2328 ‘versus
1458 2264 1722 2329 Houorii
1781 2264 2101 2329 scolastici
2160 2263 2245 2328 ad
2306 2264 2640 2329 Iordanem
2700 2264 3093 2350 episcopum'
3161 2268 3357 2328 Paris.
3422 2265 3653 2345 4860),
3721 2282 3863 2329 611111
3923 2259 4388 2345 subscriptione

1135 2384 1293 2448 hac:
1368 2370 1633 2468 ‘explid
1698 2404 1923 2449 versus
1967 2384 2209 2449 Honori
2270 2384 2589 2450 scolastici
2648 2384 2733 2449 ad
2778 2385 3119 2450 Iordanem
3167 2385 3541 2470 episcopum
3603 2384 3690 2449 ad
3747 2383 4060 2467 rescripta
4103 2381 4388 2446 Senecae

1144 2503 1266 2567 ‘ad
1297 2502 1612 2568 Lucillum
1657 2524 1849 2586 quam
1892 2504 2074 2587 (quae
2113 2506 2338 2585 Paris.)
2394 2505 2455 2571 ei
2499 2506 2843 2590 scripserat
2886 2506 3272 2571 exortatoria
3317 2506 3644 2571 saeculum
3683 2504 4045 2586 relinquere
4076 2509 4141 2567 et
4173 2521 4387 2566 veram

1146 2623 1570 2708 ‘amplectere
1613 2624 2084 2709 philosophiam
2144 2626 2267 2710 (ph.
2320 2626 2624 2710 amplecti
2676 2629 2899 2708 Paris.)
2927 2630 2964 2709 ',
3018 2627 3184 2710 quod
3230 2625 3487 2711 incipit:

1859 2744 1928 2809 Si
1975 2745 2167 2811 fontis
2213 2747 2429 2812 brevis
2475 2747 2652 2811 unda
2696 2747 2904 2812 latens
2949 2747 3245 2812 demersa
3285 2754 3554 2827 tenetur,

2030 2849 2290 2933 ignotae
2336 2857 2401 2915 et
2448 2850 2613 2916 viles
2657 2870 2803 2916 esse
2850 2857 3153 2934 putantur
3196 2870 3402 2932 aquae
3473 2888 3479 2895 ·

1138 2967 1379 3033 editum
1423 2969 1601 3053 apud
1643 2969 2085 3035 Mabillonium
2130 2970 2197 3034 in
2241 2970 2555 3036 analectis
2611 2970 2732 3052 (ed.
2791 2973 2972 3052 1723)
3029 2992 3093 3055 p.
3133 2974 3253 3035 387
3317 2991 3398 3036 ex
3444 2969 3664 3035 codice
3709 2976 3922 3035 nostro
3982 2975 4025 3032 V
4063 2977 4128 3035 et
4185 2988 4390 3051 nuper

1137 3089 1348 3153 denuo
1401 3089 1467 3154 iu
1513 3089 1714 3156 Riesii
1759 3089 2132 3172 anthologia
2175 3090 2409 3155 Latina
2458 3111 2521 3155 n.
2574 3094 2700 3155 666
2745 3111 2826 3157 ex
2871 3092 3090 3157 codice
3134 3090 3361 3157 eodem
3421 3097 3485 3156 et
3529 3090 3816 3156 Parisino
3878 3094 4066 3154 4860.
4176 3089 4242 3153 id
4300 3088 4384 3152 ad

1137 3209 1437 3275 chronica
1482 3230 1623 3275 cum
1668 3210 1846 3275 nullo
1891 3210 2076 3275 modo
2120 3211 2469 3295 pertineat,
2531 3211 2725 3277 immo
2768 3211 2838 3276 in
2885 3233 2960 3278 eo
3004 3213 3322 3278 Honorius
3366 3211 3582 3277 nescio
3626 3211 3736 3293 qui
3780 3211 4155 3295 magistrum
4201 3228 4385 3275 suum

1135 3329 1579 3416 philosophiae
1625 3330 2010 3398 christianae
2056 3337 2271 3416 utpote
2303 3332 2554 3399 Seneca
2598 3331 2925 3399 meliorem
2969 3333 3274 3399 laudibus
3305 3332 3591 3414 extollat,
3643 3353 3817 3399 mero
3863 3351 4016 3399 casu
4052 3331 4121 3397 in
4166 3330 4383 3398 codice

1134 3451 1434 3535 primario
1479 3452 1671 3517 huius
1716 3452 2001 3519 familiae
2046 3453 2338 3519 Iordanis
2381 3453 2623 3519 libellis
2668 3454 3132 3540 praescriptum
3177 3456 3242 3519 in
3287 3454 3663 3539 apographa
3705 3453 3797 3519 ita
3840 3453 4126 3558 transiit,
4192 3460 4264 3518 ut
4307 3452 4388 3516 li-

1135 3571 1333 3636 brarii
1358 3572 1740 3657 posteriores
1770 3572 2167 3654 magistrum,
2221 3575 2402 3639 cuius
2431 3594 2661 3639 nomen
2700 3574 3057 3659 discipulus
3086 3596 3213 3640 non
3246 3576 3443 3659 ponit,
3495 3594 3610 3659 pro
3640 3574 3915 3640 Iordane
3948 3573 4382 3642 chronicorum

1134 3699 1393 3757 auctore
1438 3692 1771 3758 haberent.
1866 3692 2056 3768 aliae,
2096 3701 2283 3760 notae
2329 3713 2575 3775 eaeque
2620 3695 2814 3761 etiam
2860 3695 3196 3776 certiores,
3262 3696 3492 3779 quibus
3550 3695 3657 3759 hic
3713 3695 3867 3760 ordo
3912 3715 3953 3759 a
3999 3692 4278 3759 secundo
4324 3697 4388 3757 ct

1134 3812 1318 3877 tertio
1346 3811 1753 3894 discernitur,
1804 3811 1974 3877 infra
2000 3835 2065 3898 p.
2105 3814 2288 3878 LXII
2318 3814 2657 3894 dabuntur,
2697 3816 2806 3881 ubi
2837 3815 3254 3899 ostendimus,
3293 3816 3522 3898 quibus
3553 3816 3712 3881 locis
3744 3816 3936 3900 primi
3966 3814 4207 3881 ordinis
4237 3812 4384 3878 libri

1134 3931 1402 3997 duorum
1446 3933 1717 3997 aliorum
1763 3952 2079 3998 consensu
2123 3934 2562 4000 emendentur.
2650 3943 2930 4001 ceterum
2976 3937 3095 4002 hoc
3138 3936 3357 4002 ordine
3402 3941 3472 4002 ut
3515 3936 3580 4000 in
3626 3936 3930 4001 Romanis
3976 3935 4130 4016 s010,
4185 3935 4276 3999 ita
4320 3935 4384 3998 in

1135 4053 1378 4118 Geticis
1423 4053 1723 4138 primario
1769 4052 2185 4119 fundamento
2230 4054 2520 4120 Iordanis
2566 4056 2757 4121 crisin
2790 4056 2973 4121 inniti
3003 4057 3097 4122 ita
3140 4058 3206 4122 iu
3250 4057 3574 4122 evidentia
3619 4064 3735 4137 est,
3791 4063 3862 4122 ut
3890 4056 4271 4140 singillatim
4303 4055 4383 4120 de

1133 4194 1213 4239 ea
1258 4194 1326 4238 re
1372 4173 1699 4257 disputare
1747 4193 2292 4258 supervacaneum
2336 4175 2418 4240 sit
2480 4183 2544 4242 et
2601 4177 2720 4243 hoc
2780 4198 2977 4241 unum
3035 4177 3106 4241 in
3165 4178 3605 4260 quaestionem
3664 4179 3882 4243 vocari
3940 4183 4005 4243 et
4061 4175 4265 4261 possit
4322 4182 4386 4240 et

1133 4292 1402 4374 debeat,
1467 4314 1617 4358 num
1664 4301 1919 4380 praeter
1961 4295 2133 4360 hunc
2176 4296 2459 4361 ordinem
2505 4297 2770 4379 reliquis
2813 4298 2879 4362 in
2925 4318 3005 4363 ea
3050 4298 3197 4363 crisi
3240 4297 3475 4380 aliquis
3521 4304 3690 4364 certe
3734 4299 3916 4364 locus
3962 4297 4214 4363 dandus
4275 4296 4378 4360 sit.

1305 4414 1442 4478 Iam
1488 4416 2028 4482 enumerabuntur
2070 4417 2180 4496 qui
2224 4416 2413 4481 huius
2460 4417 2700 4482 ordinis
2746 4425 2894 4483 sunt
2936 4418 3082 4483 libri
3129 4425 3530 4502 excerptave.

894 4539 1108 4630 *23⁰va
1305 4536 1758 4601 Funcnvwvs
1803 4535 2206 4602 Lixovieusis
2251 4537 2595 4622 episcopus
2641 4538 2964 4620 historiae,
3017 4559 3208 4621 quam
3255 4538 3514 4623 scripsit
3555 4545 3705 4605 ante
3749 4560 3809 4603 a.
3860 4542 4006 4620 830,
4059 4540 4386 4625 complura

1136 4655 1405 4722 inseruit
1449 4676 1530 4722 ex
1577 4662 1844 4740 utroque
1903 4657 2194 4723 Iordanis
2252 4658 2474 4724 libello
2531 4659 2732 4744 petita
2789 4659 2921 4724 alia
2979 4659 3359 4744 epitomata,
3426 4660 3558 4724 alia
3615 4659 3699 4724 ad
3756 4659 4020 4725 verbum
4080 4659 4373 4745 repetita,

1130 4797 1396 4859 quorum
1427 4796 1759 4842 recensum
1802 4777 2147 4862 diligenter
2191 4778 2371 4844 dedit
2398 4779 2713 4844 Aemilius
2744 4780 3079 4845 Grunauer
3122 4780 3185 4844 in
3232 4779 3681 4845 commentario
3727 4780 3808 4846 de
3853 4780 4136 4845 fontibus
4182 4780 4384 4845 histo-

1127 4897 1262 4962 riae
1306 4896 1699 4981 Frechulphi
1753 4898 2062 4982 (Vitoduri
2113 4901 2297 4964 1864.
2359 4901 2478 4983 4.),
2544 4901 2812 4984 repetivi
2858 4921 2978 4984 ego
3037 4901 3103 4964 in
3164 4901 3462 4967 editionis
3507 4901 3799 4983 margine
3856 4901 4177 4966 inferiore.
4263 4902 4382 4966 hoc

1130 5017 1293 5082 duce
1337 5017 1421 5082 ad
1452 5017 1769 5082 Frechulfi
1818 5018 2122 5103 optimum
2168 5019 2397 5085 librum
2431 5020 2944 5104 Sangallensem,
2996 5041 3185 5104 quem
3217 5021 3453 5087 contuli
3496 5021 3939 5086 transmissum
3987 5022 4372 5103 Berolinum‚

1128 5137 1372 5202 variam
1432 5136 1769 5202 lectionem
1829 5140 2116 5219 enotavi,
2188 5141 2305 5206 sed
2349 5140 2413 5205 in
2476 5160 2602 5222 qua
2660 5142 3032 5207 adhibenda
3091 5162 3249 5208 cave
3310 5162 3390 5207 ex
3455 5141 3708 5206 silentio
3766 5163 3907 5207 meo
3968 5143 4049 5208 de
4110 5142 4381 5208 lectione

1126 5257 1405 5322 iudices:
1473 5278 1623 5322 nam
1680 5278 1823 5323 cum
1870 5260 2044 5343 apud
2087 5259 2534 5340 Frechulfum,
2597 5268 2667 5326 ut
2711 5262 2780 5327 fit
2822 5263 2889 5327 iu
2935 5263 3268 5346 epitomis,
3322 5263 3521 5327 multa
3566 5262 3813 5343 desint,
3867 5263 4023 5346 quid
4081 5263 4148 5327 id
4209 5271 4382 5329 esset

1127 5377 1413 5443 iudicare
1456 5378 1663 5457 nolui,
1733 5379 1890 5444 satis
1935 5380 2181 5445 habens
2242 5381 2350 5445 ubi
2396 5381 2552 5447 utile
2599 5402 2743 5447 esse
2787 5382 3128 5448 videbatur
3172 5382 3491 5448 Frechulfi
3538 5383 3875 5448 lectionem
3922 5383 4177 5449 disertis
4230 5404 4376 5448 ver-

1300 5605 1380 5667 86)
1424 5606 1503 5654 Ad
1541 5606 1731 5654 codices
1769 5606 2051 5654 Par-isinum
2089 5605 2223 5655 4860
2272 5613 2323 5654 et
2368 5608 2714 5657 Monacensem
2769 5608 2933 5657 11306
2977 5611 3041 5669 (v.
3084 5626 3136 5671 p.
3179 5610 3313 5657 L111.
3357 5611 3490 5668 LIV)
3529 5612 3722 5660 accedit
3758 5612 3883 5658 liber
3924 5613 4043 5659 olim
4080 5612 4378 5672 Regillensis

1128 5690 1180 5740 S.
1222 5692 1540 5754 Emmernmt,
1582 5693 1678 5740 iam
1716 5693 2028 5741 Monacensis
2064 5708 2116 5741 n.
2150 5691 2332 5755 14613,
2373 5696 2425 5742 in
2464 5710 2560 5758 quo
2596 5697 2783 5758 legitur
2817 5709 3013 5743 carmen
3054 5697 3258 5745 Honorii
3297 5697 3354 5744 ad
3393 5698 3651 5745 Iordanem
3682 5698 3971 5764 episcopum
4007 5711 4170 5759 neque
4207 5703 4375 5748 tamen

1126 5779 1227 5841 ipsi
1265 5779 1485 5826 Iordanis
1522 5778 1696 5827 libelli.
