4882 6775
1305 402 1354 432 0

1164 523 1247 584 22
2611 517 2972 574 IORDANIS

1157 708 1321 795 cipis
1377 709 1597 793 populi
1658 708 1976 792 dignitate
2031 708 2453 792 interceptam
2506 715 2890 793 tempestate
2936 708 3271 773 victoriam
3316 714 3381 773 et
3422 709 3815 793 triumphum
3859 709 4107 794 perisse
4154 711 4415 776 naufra—

1157 814 1286 897 gio.
1368 821 1433 879 et
1474 821 1692 879 tamen
1737 833 1880 878 cum
1926 812 2209 879 Punicae
2254 811 2538 896 praedae
2582 812 2877 878 omnibus
2921 812 3369 897 promunturiis
3414 812 3771 894 insulisque
3814 811 4160 894 fluitarent,
4213 834 4417 898 popu-

1000 915 1118 976 176
1156 917 1257 982 lus
1303 919 1627 982 Romanus
1686 922 1752 982 et
1810 916 1902 980 sic
1955 906 2398 999 triumphavit.
2493 914 2751 980 Lutatio
2796 915 3024 981 Catulo
3077 916 3341 980 consule
3384 914 3645 981 tandem
3690 916 3862 982 bello
3906 916 4054 980 finis
4098 915 4413 1001 inpositus
4438 931 4743 983 mmmm

1156 1020 1331 1103 apud
1372 1019 1658 1095 insulas,
1724 1018 1958 1102 quibus
2003 1038 2235 1083 nomen
2278 1019 2592 1083 Aecatae:
2664 1037 2783 1082 nec
2829 1017 3032 1082 maior
3075 1018 3242 1082 alias
3284 1018 3353 1082 in
3398 1018 3558 1082 mari
3602 1038 3849 1101 pugna:
3912 1019 4137 1085 aderat
4180 1018 4417 1104 quippe
4443 1044 4480 1074 c·
4508 1035 4552 1075 ³⁴

1094 1141 1119 1180 5
1158 1123 1616 1189 commeatibus
1659 1122 1938 1188 exercito
1982 1121 2486 1206 propugnaculis
2530 1121 2726 1186 armis
2771 1121 2990 1203 gravis
3035 1121 3264 1185 classis
3317 1127 3382 1186 et
3423 1120 3491 1185 in
3535 1141 3615 1186 ea
3658 1123 3843 1205 quasi
3889 1129 4023 1188 tota
4067 1123 4411 1206 Chartago‚

1158 1226 1331 1309 quod
1384 1226 1598 1311 ipsum
1656 1226 1853 1292 exitio
1909 1224 2051 1290 fuit.
2146 1226 2434 1288 Romana
2494 1224 2726 1289 classis
2787 1231 3080 1308 prompta
3138 1224 3302 1289 levis
3360 1225 3665 1308 expedita
3722 1231 3789 1290 et
3844 1225 4120 1308 quodam
4181 1246 4417 1309 genere
4443 1250 4479 1280 c·
4507 1244 4552 1280 2³⁵

1160 1315 1505 1396 castrensis
1563 1328 1649 1394 ad
1710 1328 2193 1394 similitudinem
2248 1348 2507 1411 pugnae
2566 1328 2882 1411 equestris
2943 1327 3037 1391 sic
3096 1328 3290 1392 remis
3350 1328 3536 1409 quasi
3594 1328 3820 1393 avenis
3875 1330 4192 1412 agebatur
4235 1337 4301 1394 et
4350 1330 4416 1394 in

1159 1434 1275 1499 hos
1335 1433 1440 1499 vel
1497 1433 1646 1498 illos
1705 1431 1871 1497 ictus
1930 1431 2196 1496 mobilia
2252 1437 2458 1495 rostra
2517 1431 2798 1515 speciem
2853 1430 3204 1495 viventium
3262 1431 3734 1515 praeferebant.
3827 1431 4047 1514 itaque
4099 1440 4417 1497 momento
4444 1456 4481 1486 c·
4510 1448 4556 1488 ³⁶

1157 1536 1460 1621 temporis
1519 1536 1843 1601 laceratae
1887 1534 2165 1599 hostium
2212 1539 2384 1599 rates
2427 1540 2627 1599 totum
2682 1534 2851 1599 inter
2896 1534 3183 1598 Siciliam
3229 1533 3719 1615 Sardiniamque
3763 1536 4038 1619 pelagus
4081 1536 4418 1619 naufragio

1064 1656 1119 1695 ιο
1160 1658 1275 1703 suo
1332 1646 1738 1723 operuerunt.
1833 1644 2013 1703 tanta
2073 1636 2350 1719 denique
2411 1636 2534 1701 fuit
2575 1636 2693 1701 illa
2735 1636 3037 1717 victoria,
3100 1642 3171 1701 ut
3213 1635 3294 1702 de
3341 1635 3717 1701 excidendis
3763 1638 4040 1702 hostium
4087 1639 4416 1704 moenibus
4442 1663 4479 1692 e·
4507 1654 4552 1693 ³⁷

1158 1763 1285 1808 non
1343 1749 1779 1824 quaereretur.
1873 1760 2341 1826 supervacuum
2401 1740 2611 1805 visum
2672 1746 2770 1805 est
2826 1739 2894 1804 in
2952 1759 3166 1805 arcem
3225 1759 3566 1822 murosque
3621 1741 3907 1821 saevire,
3977 1762 4121 1806 cum
4179 1742 4308 1807 iam
4354 1743 4419 1807 in

1158 1845 1321 1910 mari
1366 1853 1542 1912 esset
1588 1845 1806 1911 deleta
1849 1844 2192 1926 Chartago.

1004 1950 1119 2009 177
1331 1950 1597 2014 Peracto
1659 1948 1715 2013 si
1761 1946 2023 2030 quidem
2068 1946 2308 2011 Punico
2369 1952 2435 2011 et
2491 1966 2610 2010 nec
2670 1945 2820 2011 dum
2885 1946 3263 2028 quantulum
3320 1945 3632 2030 respirate
3692 1948 3980 2030 sequitur
4024 1948 4408 2032 Liguricum.
4444 1962 4481 2009 2
4511 1966 4546 2009 τι.
4577 1965 4605 2002 ¹.
4630 1966 4648 2003 ⁴

1156 2073 1305 2117 nam
1351 2052 1625 2136 Ligures
1684 2051 1749 2116 hi
1811 2050 1957 2115 imis
2002 2050 2264 2133 Alpium
2323 2049 2495 2132 iugis
2556 2048 2984 2114 adhaerentes
3041 2049 3211 2113 inter
3253 2050 3492 2114 Varum
3541 2050 3957 2133 Magramque
4003 2072 4257 2117 amnem
4302 2053 4421 2117 im-

1061 2173 1119 2212 15
1158 2155 1418 2238 plicitos
1477 2154 1688 2220 dumis
1750 2152 2152 2218 silvestribus
2214 2152 2627 2234 victitabant,
2694 2171 2853 2234 quos
2913 2172 3078 2235 pene
3138 2151 3345 2216 maius
3406 2152 3526 2217 fuit
3569 2152 3855 2218 invenire
3900 2175 4091 2236 quam
4138 2155 4412 2221 vincere.

1156 2258 1275 2324 tuti
1338 2258 1391 2323 si
1439 2258 1700 2341 quidem
1759 2256 1916 2322 locis
1981 2262 2045 2321 et
2104 2256 2262 2337 fuga
2323 2255 2552 2320 durum
2610 2262 2801 2336 atque
2849 2255 3036 2319 velox
3082 2238 3290 2338 genus
3335 2275 3417 2320 ex
3461 2256 3793 2321 occasione
3838 2258 4171 2323 latrocinia
4214 2260 4421 2342 magis

1156 2381 1347 2444 quam
1394 2361 1571 2426 bella
1615 2360 1962 2427 faciebant.
2058 2359 2274 2442 itaque
2322 2378 2465 2423 cum
2513 2357 2622 2422 diu
2670 2359 3066 2441 multumque
3112 2357 3448 2423 eluderent
3492 2360 3661 2423 saltu
3708 2359 3832 2423 viis
3877 2360 4205 2427 Decilates
4245 2363 4418 2429 01111-
4445 2385 4483 2415 e·
4513 2379 4534 2415 5

1155 2464 1244 2529 vii
1291 2465 1587 2530 Buriates
1633 2464 1928 2547 Ingauni,
1982 2462 2244 2527 tandem
2291 2461 2561 2526 Fulvius
2606 2462 2890 2527 latebras
2938 2481 3154 2526 eorum
3198 2461 3338 2542 igni
3388 2462 3610 2545 sepsit,
3663 2463 3904 2528 Bebius
3948 2464 4197 2529 veroin
4228 2466 4421 2550 plana

1063 2587 1119 2625 ιθ
1160 2567 1448 2649 deduxit,
1502 2568 1867 2633 Postumius
1911 2566 2006 2631 ita
2052 2566 2428 2647 exarmavit,
2482 2571 2552 2630 ut
2598 2564 2706 2629 vix
2752 2565 3082 2647 reliquerit
3125 2564 3384 2646 ferrum,
3437 2585 3562 2646 quo
3607 2571 3778 2630 terra
3823 2567 4155 2632 coleretur.

1000 2673 1119 2733 178
1331 2672 1483 2736 Post
1539 2691 1698 2753 quos
1750 2691 1897 2735 mox
1943 2669 2140 2734 Galli.
2236 2668 2615 2733 Insubribus
2679 2674 2743 2732 et
2799 2666 2900 2731 his
2944 2666 3205 2750 Alpium
3257 2667 3487 2732 incolis
3532 2668 3729 2732 animi
3775 2668 4089 2751 ferarum,
4159 2691 4420 2756 corpora
4444 2684 4483 2731 ².
4511 2687 4589 2731 *Α

1160 2775 1306 2858 plus
1361 2794 1552 2857 quam
1613 2774 1895 2839 humana
1949 2778 2165 2853 erant,
2236 2770 2350 2836 sed
2412 2770 2850 2855 experimento
2898 2770 3411 2854 depraehensum
3457 2778 3579 2835 est.
3672 2772 3911 2856 quippe
3954 2773 4161 2838 virtus
4203 2795 4419 2840 eorum

1159 2877 1325 2943 sicut
1388 2877 1595 2962 primo
1659 2876 1902 2961 impetu
1959 2875 2162 2940 maior
2218 2895 2409 2957 quam
2469 2873 2752 2938 virorum
2813 2880 2943 2955 est,
3013 2874 3104 2937 ita
3163 2892 3438 2956 sequens
3497 2873 3703 2938 minor
3759 2895 3952 2957 quam
4012 2875 4415 2942 feminarum.

1157 2980 1397 3064 Alpina
1440 2999 1705 3064 corpora
1750 2979 2052 3044 humente
2100 2978 2280 3043 caelo
2328 2976 2605 3043 educata
2652 2976 2893 3041 habent
2936 2975 3247 3058 quiddam
3294 2976 3505 3042 simile
3551 2977 3809 3042 nivibus
3855 2977 4017 3043 suis:
4079 2999 4225 3045 cum
4271 3000 4418 3045 mox
4445 3006 4482 3035 e·
4509 2996 4533 3036 ²

1002 3085 1121 3146 179
1159 3085 1414 3149 caluere
1461 3103 1702 3167 pugna,
1755 3082 1971 3148 statim
2016 3082 2084 3145 in
2129 3079 2428 3146 sudorem
2476 3086 2631 3144 eunt
2676 3086 2740 3144 et
2785 3079 2914 3143 levi
2961 3084 3133 3144 motu
3181 3079 3367 3162 quasi
3416 3079 3552 3145 sole
3597 3080 3921 3146 laxantur.
4001 3081 4069 3146 hi
4114 3102 4312 3168 saepe
4357 3090 4481 3149 etc·
4511 3102 4534 3138 :³

1058 3205 1119 3245 25
1158 3185 1324 3251 alias
1383 3192 1449 3251 et
1493 3186 1877 3251 Brittomaro
1937 3184 2102 3250 duce
2160 3205 2285 3248 non
2344 3184 2522 3267 prius
2565 3183 2883 3267 posituros
2931 3200 3001 3247 se
3045 3181 3264 3246 baltea
3308 3202 3500 3263 quam
3547 3183 3933 3266 Capitolium
3976 3187 4422 3252 ascendissent

1155 3290 1547 3355 iuraverant.
1639 3289 1881 3354 factum
1925 3295 2141 3354 autem
2189 3294 2321 3368 est,
2388 3293 2454 3352 et
2512 3287 2715 3351 victos
2761 3304 2875 3350 eos
2920 3285 3193 3350 Emilius
3236 3285 3306 3350 in
3352 3284 3674 3369 Capitolio
3721 3285 4047 3353 discinxit.
4140 3295 4208 3355 et
4248 3289 4416 3372 quod
4442 3314 4478 3343 e·
4508 3305 4531 3343 ⁴

1158 3392 1290 3458 dux
1334 3414 1552 3459 eornm
1598 3393 1679 3458 de
1725 3395 2014 3458 Romano
2062 3391 2251 3456 militi
2294 3390 2603 3476 praedam
2648 3389 2837 3454 Marti
2885 3409 3002 3454 suo
3048 3397 3336 3470 torquem
3382 3409 3649 3454 aureum
3695 3387 4095 3475 devotasset,
4146 3393 4420 3459 interce-

1157 3497 1252 3581 pit
1308 3497 1598 3582 Iuppiter
1669 3504 1887 3562 votum
1960 3502 2026 3561 et
2086 3496 2166 3561 de
2227 3495 2367 3560 eius
2422 3495 2627 3579 ipsius
2689 3492 3114 3558 Ariobistonis
3172 3493 3639 3573 relicorumque
3703 3492 4036 3559 Gallorum
4091 3496 4420 3579 torquibus

1157 3620 1422 3664 aureum
1490 3607 1783 3684 tropeum
1849 3599 1986 3664 Iovi
2053 3598 2260 3664 erexit
2313 3596 2761 3662 Flamminius.
2857 3616 2969 3661 rex
3037 3616 3290 3678 quoque
3358 3615 3575 3660 eorum
3634 3596 4073 3663 Viridomarus
4132 3600 4420 3663 Romana
4444 3625 4478 3654 e·
4508 3619 4533 3654 5

1057 3723 1117 3762 30
1158 3721 1338 3767 arma
1380 3702 1669 3767 Vulcano
1712 3702 2162 3786 promisserat:
2229 3700 2536 3765 aliorsum
2580 3704 2731 3763 vota
2776 3697 3166 3763 ceciderunt.
3252 3697 3465 3762 occiso
3510 3696 3679 3762 enim
3725 3719 3802 3764 eo
3846 3700 4192 3766 Marcellus
4236 3701 4421 3768 tertio

1155 3811 1301 3889 post
1343 3810 1590 3889 patrem
1637 3805 1974 3869 Romulum
2020 3803 2306 3869 Feretrio
2352 3803 2493 3867 Iovi
2537 3802 2753 3886 opima
2798 3801 3157 3884 suspendit.

999 3912 1119 3974 180
1330 3908 1562 3991 Illyres
1625 3914 1877 3990 autem,
1945 3906 2014 3971 id
2057 3913 2156 3971 est
2199 3906 2454 3988 Veneti,
2508 3925 2622 3970 seu
2671 3904 2984 3969 Liburnes
3030 3904 3147 3969 sub
3193 3903 3496 3969 extremis
3543 3903 3805 3988 Alpium
3851 3905 4177 3971 radicibus
4221 3913 4481 3991 aguntz
4508 3924 4586 3971 ⁵.¹

1155 4009 1323 4076 inter
1365 4010 1622 4074 Arsiam
1668 4009 2083 4092 Titulumque
2128 4008 2366 4074 flumen
2412 4007 2827 4092 longissimae
2873 4028 2989 4091 per
3047 4014 3245 4073 totum
3292 4007 3563 4072 Adriani
3608 4008 3804 4072 maris
3848 4009 4003 4075 litus
4048 4010 4262 4075 effusi.
4354 4011 4419 4076 hi
4446 4039 4482 4067 c.
4507 4026 4531 4068 2

1155 4119 1466 4195 regnante
1527 4114 1823 4178 Teutana
1887 4113 2156 4178 muliere
2223 4111 2745 4197 populationibus
2812 4130 2940 4175 non
3010 4110 3287 4175 contenti
3356 4110 3653 4176 licentiae
3721 4113 3936 4177 scelus
4003 4111 4413 4178 addiderunt.

1058 4239 1120 4280 35
1160 4216 1410 4298 legatos
1455 4214 1693 4300 quippe
1738 4217 2082 4296 Romanos,
2136 4216 2219 4280 ob
2264 4236 2344 4281 ea
2387 4235 2554 4299 quae
2601 4214 3009 4296 deliquerant
3049 4213 3188 4278 iure
3233 4219 3525 4295 agentes,
3576 4234 3658 4279 ne
3702 4214 3923 4297 gladio
3967 4213 4250 4297 quidem,
4303 4216 4418 4282 sed
4443 4243 4479 4275 e.
4505 4235 4528 4275 a

1159 4325 1231 4383 ut
1288 4319 1582 4384 victimas
1645 4319 1854 4385 securi
1912 4318 2308 4403 percutiunt,
2372 4317 2731 4403 praefectos
2789 4316 3051 4381 navium
3101 4316 3239 4398 igni
3283 4316 3637 4381 conburunt
3678 4316 3873 4399 idque
3919 4337 4042 4401 quo
4086 4317 4418 4401 indignius

1159 4421 1357 4504 foret,
1408 4421 1642 4486 mulier
1684 4420 2046 4507 imperavit.
2139 4421 2358 4505 itaque
2404 4420 2587 4486 Gneo
2630 4419 2862 4484 Fulvio
2909 4418 3275 4484 Gentimalo
3323 4418 3486 4484 duce
3531 4418 3663 4484 late
3709 4418 4067 4486 domantur.
4162 4421 4416 4488 strictae
4443 4441 4527 4482 (1.4

1159 4543 1419 4590 secures
1463 4524 1531 4589 in
1576 4524 1936 4609 principum
1981 4523 2149 4588 colla
2193 4524 2551 4607 legatorum
2596 4520 2896 4587 manibus
2941 4521 3235 4588 litavere.

1330 4821 1385 4868 Η
1407 4820 1452 4867 Ρ
1482 4820 1522 4868 V
1544 4820 1587 4869 L
1619 4820 1796 4882 (deficit
1837 4819 1899 4868 10
1938 4822 1989 4866 in
2027 4822 2337 4880 operuerunt
2371 4818 2512 4867 hiatu
2546 4831 2651 4865 non
2688 4817 2957 4878 indicato),
3010 4816 3203 4865 Paulus
3240 4816 3286 4865 11.
3327 4816 3388 4865 R.
3431 4818 3481 4878 3,
3526 4818 3559 4863 9
3601 4817 3682 4878 (20
3721 4817 3849 4866 Galli
3886 4845 3954 4854 —
3990 4817 4056 4867 29
4092 4819 4298 4880 erexit).
4352 4844 4419 4854 ——

1159 4905 1289 4955 Mur.
1327 4921 1379 4968 p.
1412 4894 1538 4955 230⁶
1572 4922 1620 4954 v.
1655 4906 1718 4956 14
1755 4908 1982 4967 Ligures.

2252 5009 2280 5031 Ι

1333 5050 1354 5098 1
1409 5052 1713 5112 dignitatem
1750 5051 1895 5099 HPV
2172 5049 2201 5098 2
2252 5052 2663 5112 promuntoribus
2701 5049 2743 5096 L
3024 5050 3053 5096 3
3094 5050 3277 5096 11166110
3313 5047 3356 5094 L
3635 5049 3667 5098 4
3704 5045 3927 5115 6666166]
3966 5048 4127 5108 HPV,
4179 5055 4341 5098 aetate
4376 5048 4418 5095 L

1157 5138 1187 5183 5
1223 5134 1466 5202 exercito]
1503 5138 1618 5185 libri
1860 5136 1888 5184 7
1928 5132 2132 5202 suanis]
2168 5137 2311 5184 libri:
2351 5136 2401 5184 id
2438 5141 2509 5184 est
2547 5136 2758 5183 habenis
3002 5134 3033 5182 9
3070 5135 3254 5183 sit-ilias
3291 5135 3586 5195 diniamqne
3624 5133 3668 5181 L
3930 5135 3982 5184 11
4027 5136 4220 5183 erchem
4261 5135 4356 5182 ΗΡ

1156 5226 1351 5272 seulrae
1379 5222 1485 5285 ΗΡ,
1518 5223 1683 5271 6611116
1719 5223 1757 5269 V
1964 5222 2226 5296 13110111.
2258 5223 2300 5270 L
2513 5218 2721 5288 punico]
2745 5222 2801 5269 P.
2831 5222 2960 5269 bello
2992 5222 3120 5268 Flor.
3325 5221 3598 5279 lyguricum
3626 5219 3771 5267 HPV
3980 5220 4040 5268 14
4081 5222 4280 5281 lygnres
4307 5222 4356 5267 H

1154 5311 1207 5357 hi
1245 5305 1382 5375 imis]
1419 5309 1528 5369 ΗΡ,
1570 5308 1750 5356 hiemis
1788 5309 1854 5355 V.-
1894 5310 2012 5357 imis
2053 5310 2225 5355 Florus
2457 5308 2516 5356 15
2555 5308 2674 5355 (111111
2715 5307 2792 5354 his
2829 5309 2864 5354 V
2892 5308 3020 5354 Flor.
3058 5306 3271 5367 (Bamb.)
3515 5305 3576 5355 16
3613 5321 3734 5365 gens
3771 5306 3815 5352 P
4021 5309 4312 5356 occansione
4348 5307 4411 5366 H,

1154 5395 1479 5444 hoceansione
1518 5395 1563 5442 P
1777 5394 1831 5441 17
1871 5395 2001 5442 saltu
2039 5392 2162 5461 uiis]
2195 5394 2322 5443 salui
2363 5394 2498 5442 Fcor.
2534 5393 2772 5454 (Bamb.),
2817 5394 2976 5440 saltus
3016 5394 3146 5441 Flor.
3184 5392 3380 5453 (Nan.):
3424 5394 3774 5451 intelleyrmtur
3799 5392 4015 5440 Salluvii
4229 5393 4289 5442 18
4326 5395 4417 5440 flu-

1155 5484 1274 5530 uius
1324 5483 1363 5528 V
1632 5479 1692 5529 19
1727 5482 1999 5543 postuuins
2037 5481 2181 5528 HPV
2441 5479 2500 5529 21
2546 5496 2574 5526 6
2610 5485 2755 5527 616111
2792 5483 2846 5526 in
2883 5480 3036 5525 litura
3074 5478 3120 5524 P
3375 5476 3440 5526 23
3477 5479 3680 5538 quidam
3730 5478 3769 5522 V
4027 5478 4091 5526 26
4126 5485 4207 5527 est
4242 5493 4336 5528 om.
4377 5478 4422 5525 P

1155 5569 1215 5617 27
1256 5569 1441 5631 praeda
1479 5569 1622 5615 marti
1658 5568 1804 5615 HPV
2021 5566 2086 5615 28
2124 5561 2463 5630 ariobistonis]
2506 5566 2618 5613 libri
2658 5565 2790 5614 Iord.
2820 5570 2865 5613 et
2894 5564 3059 5625 Pauli,
3103 5564 3338 5610 ariobisto
3374 5564 3501 5610 (11166
3540 5565 3671 5611 Flor.
3705 5563 3922 5623 (Bamb.)
4135 5567 4419 5613 relicorum-

1153 5651 1277 5720 que]
1317 5654 1426 5714 ΗΡ,
1467 5655 1870 5715 reliquorumque
1907 5653 1988 5700 VL
2197 5650 2263 5700 29
2302 5653 2556 5700 flaminius
2589 5654 2601 5709 (
2613 5652 2668 5712 V)
2887 5651 2952 5698 30
2991 5651 3138 5698 tertia
3184 5651 3358 5697 Florus
3584 5649 3648 5698 32
3689 5649 3797 5696 ides
3836 5649 3979 5696 HPV
4183 5651 4418 5698 exiremis

1154 5729 1340 5800 HP⁶V‚
1381 5755 1443 5787 ex
1481 5742 1630 5787 remis
1661 5739 1728 5785 1²¹⁸
1937 5739 2003 5788 35
2040 5734 2290 5803 romanos]
2324 5744 2521 5786 nostros
2562 5740 2693 5786 Flor.
2908 5737 2973 5786 36
3011 5732 3200 5801 securi]
3238 5736 3309 5782 bis
3346 5736 3401 5782 H
3603 5737 3863 5796 nauigium
3902 5735 3957 5782 H
4161 5735 4224 5783 :37
4266 5738 4418 5783 fulmo

1164 5827 1202 5872 V
1408 5821 1701 5891 gentimalo]
1741 5824 1882 5872 HPV
1908 5826 2077 5872 Florus
2111 5825 2318 5885 (Bamb.)
2549 5824 2613 5872 38
2650 5820 2960 5889 principum]
2997 5823 3188 5882 Florus,
3232 5822 3536 5883 principium
3580 5819 3721 5867 HPV
