4882 6775
1134 461 1215 524 80
1457 468 1466 475 ‘
2580 456 2944 514 IORDANIS

839 650 963 715 XV
1009 651 1089 714 87
1139 648 1418 733 corporis
1463 648 1839 734 principalis
1861 651 1930 732 ¹).
2027 655 2170 731 post
2228 648 2389 713 haec
2449 648 2569 712 sub
2613 647 2935 714 Antonino
2982 648 3320 714 Caracalla
3377 648 3636 713 ordines
3694 648 3880 714 duxit
3937 668 4014 714 ac
4058 669 4253 733 saepe
4296 649 4394 714 fa-

1131 773 1302 817 mam
1350 752 1539 818 factis
1585 752 1942 817 extendens
1985 752 2203 835 plures
2248 750 2517 816 militiae
2561 751 2800 834 grados
2848 751 3398 833 centuriatumque
3445 750 3839 817 strenuitatis
3885 771 4041 816 suae
4079 752 4390 837 praetium

1130 856 1279 921 tulit
1298 856 1340 936 2)
1361 904 1376 919 .
1468 855 1751 920 Macrino
1807 862 2021 919 tamen
2081 860 2307 939 postea
2364 854 2432 919 in
2491 874 2690 938 regno
2749 853 3041 937 ingresso
3109 855 3433 920 recusavit
3493 853 3794 919 militiam
3859 874 4026 939 pene
4090 856 4384 935 triennio,

1128 959 1616 1041 tribunatusque
1675 958 1924 1023 habens
1984 957 2222 1022 honore
2282 978 2630 1039 numquam
2688 977 2759 1022 se
2812 957 3016 1023 oculis
3076 957 3348 1022 Macrini
3407 957 3673 1042 optulit,
3754 956 4089 1040 indignum
4151 959 4391 1025 ducens

1009 1062 1089 1125 88
1138 1061 1279 1127 eius
1337 1060 1704 1145 imperium,
1773 1060 1883 1142 qui
1942 1067 2306 1144 perpetrato
2367 1060 2621 1125 facinus
2680 1059 2894 1125 fuerat
2948 1060 3341 1142 adquisitum
3364 1062 3404 1144 3)
3425 1110 3440 1123 .
3532 1060 3618 1125 ad
3663 1061 4117 1143 Eliogabalum
4161 1062 4391 1128 dehinc
4426 1084 4447 1122 ⁵

1133 1164 1318 1246 quasi
1375 1164 1461 1229 ad
1505 1162 1811 1228 Antonini
1869 1162 2074 1228 filium
2133 1169 2466 1228 revertens
2522 1163 2916 1229 tribunatum
2975 1182 3160 1227 suum
3221 1163 3388 1228 adiit
3432 1169 3498 1228 et
3537 1170 3686 1247 post
3730 1162 3900 1229 hunc
3944 1163 4062 1228 sub
4106 1164 4392 1229 Alexan-

1134 1266 1315 1330 drum
1385 1266 1720 1332 Mamaeae
1787 1273 2008 1332 contra
2070 1267 2345 1330 Parthos
2412 1266 2795 1332 mirabiliter
2860 1266 3190 1332 dimicavit
3208 1268 3282 1347 ⁴).
3394 1286 3597 1350 eoque
3663 1267 4066 1349 Mogontiaco
4132 1267 4390 1333 militari

1133 1369 1405 1434 tumulto
1451 1368 1664 1434 occiso
1708 1369 1850 1455 ipse
1895 1369 2212 1435 exercitus
2258 1369 2571 1435 electione
2616 1369 2862 1451 absque
2908 1376 3171 1434 senatus
3217 1369 3510 1435 consultu
3565 1369 3832 1435 effectus
3878 1376 3978 1435 est
4019 1370 4382 1454 imperator,

1132 1477 1241 1559 qui
1302 1483 1530 1542 cuncta
1585 1474 1756 1538 bona
1813 1491 1934 1537 sua
1991 1472 2059 1537 in
2114 1472 2558 1557 persecutione
2619 1471 3126 1537 Christianorum
3185 1473 3356 1536 malo
3416 1479 3564 1537 voto
3623 1471 3942 1555 foedavit,
4019 1473 4389 1558 occisusque

1130 1580 1431 1661 Aquileia
1462 1599 1503 1644 a
1532 1578 1863 1662 Puppione
1883 1578 1958 1658 ⁵),
2011 1595 2277 1658 regnum
2309 1574 2586 1656 reliquid
2616 1574 2933 1659 Philippo.
3016 1576 3187 1658 quod
3225 1595 3342 1640 nos
3372 1575 3611 1640 idcirco
3642 1575 3792 1642 huic
3824 1581 4038 1640 nostro
4083 1576 4389 1660 opusculo
4430 1600 4474 1639 ιο

1132 1680 1212 1746 de
1258 1680 1632 1765 Symmachi
1673 1679 1965 1763 hystoria
2007 1677 2463 1757 mutuavimuS,
2517 1685 2837 1759 quatenus
2883 1685 3177 1761 gentem,
3231 1679 3400 1743 unde
3445 1678 3723 1762 agimus,
3776 1678 4260 1745 ostenderemus
4304 1679 4389 1743 ad

1130 1784 1313 1867 regni
1359 1783 1628 1848 Romani
1674 1783 2005 1865 fastigium
2051 1801 2270 1864 usque·
2298 1782 2579 1846 venisse.
2678 1787 2958 1847 ceterum
3003 1801 3203 1847 causa
3248 1782 3498 1865 exegit,
3565 1781 3651 1846 ad
3695 1780 3798 1865 id,
3863 1782 4033 1847 unde
4080 1781 4389 1865 digressi-

1137 1907 1302 1969 mus,
1355 1888 1577 1953 ordine
1622 1886 1985 1950 redeamus.

803 1986 958 2052 XVI
1004 1987 1086 2051 89
1304 1991 1472 2055 Nam
1534 2008 1693 2072 gens
1751 1989 1880 2053 ista
1935 1987 2166 2051 mirum
2225 1987 2293 2051 in
2350 1987 2610 2052 modum
2669 1987 2736 2051 in
2782 2008 2862 2052 ea
2904 1994 3118 2071 parte,
3185 2007 3315 2069 qua
3359 1987 3773 2069 versabatur,
3839 1986 3908 2052 id
3954 1995 4054 2053 est
4094 1987 4280 2053 Ponti
4322 1987 4386 2052 in

1129 2092 1312 2159 litore
1358 2092 1665 2176 Scythiae
1711 2091 1864 2172 soli,
1917 2089 2182 2172 enituit,
2235 2090 2374 2155 sine
2419 2089 2614 2154 dubio
2658 2097 2839 2154 tanta
2884 2090 3094 2174 spatia
3138 2096 3367 2161 tenens
3410 2097 3758 2172 terrarum,
3810 2097 3905 2156 tot
3948 2090 4121 2155 sinos
4165 2090 4378 2169 maris,
4424 2113 4474 2153 ιε

1129 2203 1222 2261 tot
1286 2196 1620 2260 fluminum
1687 2214 1945 2274 cursus,
2022 2194 2141 2259 sub
2202 2193 2383 2258 cuius
2445 2213 2641 2277 saepe
2703 2193 2970 2258 dextera
3032 2194 3365 2259 Vandalus
3421 2193 3649 2275 iacuit,
3725 2192 3902 2258 stetit
3962 2192 4078 2257 sub
4139 2193 4383 2276 praetio

1129 2299 1655 2380 Marcomanuus,
1722 2296 2088 2375 Quadorum
2143 2296 2465 2381 principes
2520 2296 2589 2361 in
2650 2297 2956 2362 servitute
3014 2296 3261 2362 redacti
3305 2302 3477 2362 sunt.
3571 2295 3869 2381 Philippo
3914 2317 4192 2380 namque
4238 2304 4383 2362 ante

3524 2426 3553 2468 e

1305 2678 2043 2739 HFVLAOBMYZ).

1151 2888 1156 2891 v
1307 2850 1329 2899 1
1373 2852 1466 2900 sub
1502 2865 1600 2900 om.
1645 2850 1734 2898 OB
2012 2856 2262 2896 amtomno
2301 2849 2360 2909 Ο,
2404 2850 2605 2897 antonio
2642 2851 2685 2895 Α
2953 2850 3179 2897 caralalla
3217 2848 3304 2910 Lss,
3347 2851 3584 2907 caragalla
3625 2850 3667 2897 Ο
3945 2850 4094 2899 duxit
4129 2850 4229 2898 ord.
4274 2853 4319 2897 A

1130 2939 1305 2985 famam
1351 2939 1500 3000 (fama
1539 2937 1597 2999 Ο)
1642 2933 1814 3003 sactis]
1847 2936 1994 2984 factis
2031 2936 2148 2983 fam.
2191 2936 2236 2981 A
2518 2933 2547 2983 2
2584 2930 2783 3000 plures]
2819 2936 2955 2983 inter
2989 2937 3059 2996 pl.
3100 2935 3144 2982 B
3385 2931 3583 3001 grados]
3622 2935 3829 2998 HPVO,
3870 2938 4052 2997 gradus
4089 2936 4322 2984 LABXY

1129 3019 1595 3089 centuriatumque]
1633 3023 1789 3083 XYZ,
1828 3023 2261 3082 centuriatamque
2287 3018 2494 3082 HPVL,
2538 3021 2919 3082 centuriamque
2946 3022 3007 3083 A,
3051 3022 3407 3083 centuriasque
3439 3021 3560 3070 OB.-
3598 3023 3767 3083 plures
3804 3023 4018 3071 militiae
4053 3022 4236 3082 gradus
4272 3036 4384 3070 cen-

1129 3112 1371 3159 turiatum
1398 3111 1521 3157 tulit
1543 3109 1704 3157 Duae.
1921 3107 2177 3169 praedium
2208 3105 2266 3166 P,
2305 3108 2556 3168 premium
2584 3106 2674 3154 LA
2883 3105 2913 3154 3
2951 3103 3191 3172 macrino]
3231 3120 3404 3166 magno
3434 3107 3475 3154 O
3683 3111 3737 3155 in
3763 3122 3974 3169 regnum
4005 3095 4138 3168 ObB,
4178 3096 4381 3167 regnum

1131 3197 1195 3256 Α,
1235 3210 1329 3244 om.
1375 3196 1512 3243 XYZ
1722 3197 2004 3255 ingressum
2046 3193 2088 3240 Ο
2296 3194 2573 3241 triennium
2616 3192 2705 3240 OB
2912 3192 2945 3240 4
2983 3193 3275 3241 tribunatus
3309 3193 3602 3254 habensque
3646 3192 3689 3240 Ο
3898 3190 4106 3260 honore]
4143 3194 4253 3253 ΗΡ,
4295 3194 4380 3242 ho-

1129 3295 1297 3330 norem
1335 3283 1423 3331 rel.
1635 3281 1822 3329 obtulit
1861 3279 2071 3339 magrini
2115 3278 2343 3337 (macrini
2370 3278 2430 3340 B)
2478 3277 2569 3325 OB
2779 3279 2808 3326 5
2846 3274 2958 3344 qui]
2997 3278 3203 3339 HPVL,
3244 3279 3374 3339 quod
3413 3279 3647 3326 AOBXY
3853 3287 4132 3342 perpetrato
4171 3276 4382 3345 facinus]

1129 3368 1337 3429 HPVL,
1396 3372 1682 3431 perpetrato
1717 3367 1935 3416 facinore
1975 3365 2177 3428 AXYZ,
2238 3369 2487 3427 petratum
2524 3364 2721 3413 facinus
2761 3364 2820 3426 Ο,
2878 3378 2969 3426 per
3003 3369 3254 3426 patratum
3291 3365 3488 3413 facinus
3526 3365 3569 3412 B
3848 3363 4034 3434 fuerat]
4087 3371 4193 3416 erat
4232 3367 4317 3415 OB

1128 3451 1463 3521 adquisitum]
1502 3456 1783 3515 acquisitus
1824 3453 1883 3512 Z,
1925 3452 2207 3513 quaesitum
2245 3451 2290 3498 B
2534 3452 2595 3498 ab
2631 3452 2941 3510 eliogabaum
2984 3451 3041 3513 Ο,
3087 3453 3146 3499 ab
3183 3450 3484 3510 heliogabalo
3520 3452 3565 3499 Β
3790 3452 3935 3501 dehic
3976 3453 4018 3500 0
4261 3453 4290 3502 6
4326 3453 4382 3501 ad

1128 3553 1226 3590 om.
1256 3542 1298 3589 L
1507 3541 1670 3589 antini
1711 3538 1770 3599 L,
1814 3539 2006 3587 antonii
2043 3539 2088 3584 A
2293 3537 2411 3584 hinc
2444 3536 2530 3584 OB
2739 3537 3005 3584 alexandro
3045 3537 3183 3584 OBX
3390 3536 3417 3584 7
3457 3551 3646 3586 mamae
3681 3538 3840 3601 HPV,
3883 3553 4042 3586 mame
4082 3538 4191 3601 LO,
4235 3554 4383 3587 mam-

1129 3640 1238 3675 mae
1275 3627 1384 3689 XZ,
1424 3640 1615 3673 mamea
1652 3625 1710 3686 B,
1754 3639 1822 3674 m.
1867 3625 1971 3684 (sic)
2016 3625 2079 3682 A,
2121 3636 2391 3671 mammeae
2429 3623 2533 3669 filio
2577 3622 2617 3668 Y
2856 3636 2955 3683 que
2991 3636 3087 3673 om.
3127 3622 3215 3669 OB
3459 3625 3767 3683 magontiaco
3804 3623 3958 3685 LXY,
4000 3627 4305 3687 magontiago
4346 3626 4385 3673 O

1133 3713 1162 3762 8
1200 3708 1443 3778 tumulto]
1482 3711 1689 3773 HPVO,
1733 3712 1959 3760 tumultu
1997 3708 2233 3756 LABXY
2459 3709 2643 3756 occisso
2683 3708 2726 3756 Ο
2957 3715 3227 3756 senanatus
3266 3708 3412 3756 HPV
3633 3711 3860 3758 consulto
3896 3711 3987 3759 LB
4218 3710 4249 3760 9
4285 3711 4382 3759 chr.

1134 3811 1261 3859 pers.
1297 3797 1389 3845 OB
1594 3798 1912 3858 occissusque
1954 3795 1996 3842 Ο
2210 3794 2271 3842 10
2308 3794 2560 3855 aquileiae
2587 3794 2651 3852 A,
2692 3794 2941 3855 aquilegia
2977 3794 3157 3841 ΟΒΧΖ
3363 3792 3643 3862 puppione]
3681 3795 3885 3858 HPVL,
3928 3799 4149 3860 pupione
4189 3797 4380 3854 OBXY,

1133 3885 1384 3945 pupeiano
1422 3882 1507 3944 Αἱ,
1549 3883 1806 3944 pupianno
1839 3881 1887 3941 (Ἰ)
1925 3879 1996 3928 A2
2199 3881 2300 3928 huc
2325 3879 2369 3926 L
2579 3876 2766 3944 nostro]
2804 3893 2901 3927 non
2932 3878 3020 3941 0⁰,
3062 3893 3159 3929 om.
3194 3866 3308 3927 0⁶13
3519 3880 3573 3929 11
3620 3896 3797 3940 symm.
3827 3879 3990 3949 hysa]
4023 3885 4255 3932 simmaco
4280 3886 4324 3931 A

1133 3970 1445 4017 mutauimus
1489 3969 1547 4030 O,
1590 3968 1808 4016 mutuati
1846 3981 2020 4015 sumus
2056 3967 2100 4012 A
2326 3965 2707 4014 ostenderemus
2743 3978 2840 4013 om.
2887 3965 2976 4012 OB
3208 3964 3268 4013 12
3308 3962 3534 4032 uenisse]
3572 3981 3688 4015 uen.
3735 3970 3998 4017 doceamus
4032 3969 4078 4016 B
4300 3983 4385 4018 ex-

1133 4055 1228 4115 igit
1265 4054 1375 4116 LA,
1419 4056 1581 4115 exigit
1615 4059 1675 4102 ut
1715 4053 1901 4101 OBXY
2141 4051 2352 4111 digressi
2387 4066 2565 4099 sumus
2601 4051 2882 4098 LAOBXY
3128 4049 3189 4099 13
3227 4051 3448 4099 ordinem
3485 4050 3545 4114 L,
3589 4067 3687 4101 om.
3721 4052 3810 4102 OB
4049 4055 4277 4103 redemus
4323 4053 4386 4102 ,4¹

1137 4139 1199 4190 14
1237 4142 1536 4189 uersebatur
1571 4140 1649 4188 P‘*
1857 4140 1912 4186 in
1948 4139 2090 4200 ponti
2128 4137 2174 4183 Α
2386 4136 2449 4185 15
2489 4137 2683 4196 cythiae
2725 4137 2767 4184 Ο
2974 4133 3190 4203 enituit]
3227 4137 3444 4185 innituit
3483 4138 3541 4201 Ο,
3583 4140 3812 4187 innotuit
3847 4139 3890 4186 B
4097 4142 4250 4202 spitia
4282 4140 4324 4188 P

1133 4231 1206 4274 tot
1242 4223 1403 4293 sinos]
1441 4226 1601 4287 HPV,
1644 4226 1779 4274 sinos
1815 4230 1890 4274 tot
1927 4224 1990 4287 L,
2029 4230 2102 4272 tot
2138 4225 2281 4272 sinus
2316 4223 2557 4271 ΑΟΒΧΥ
2796 4223 2946 4270 moris
2983 4222 3027 4270 L
3310 4222 3373 4272 16
3411 4220 3679 4292 uandalus]
3721 4224 3829 4287 PV,
3868 4226 4150 4275 uuandalus
4191 4227 4378 4286 OBXY,

1135 4312 1447 4371 guuandalus
1487 4312 1545 4373 L,
1589 4313 1830 4372 gandelus
1870 4312 1934 4371 A,
1976 4311 2222 4358 uanculus
2258 4309 2315 4356 H
2525 4308 2585 4357 17
2626 4305 2900 4375 seruitute]
2937 4308 3143 4369 HPVzt,
3188 4314 3318 4356 -tem
3353 4310 3443 4358 rel.

1310 4637 1357 4697 1)
1397 4640 1502 4685 vita
1525 4652 1567 4685 c.
1596 4640 1628 4686 3
1652 4638 1838 4697 perpit:
1876 4639 1949 4685 ait
1973 4637 2052 4684 ei:
2100 4635 2250 4698 ‘quid
2280 4637 2374 4695 vis,
2416 4635 2709 4684 Thracisce?
2746 4649 2870 4682 num
2906 4635 3026 4697 quid
3064 4634 3280 4683 delectat
3314 4636 3494 4684 luctari
3528 4642 3641 4698 post
3677 4638 3933 4686 cursum'i‘
3975 4645 4086 4688 tum
4126 4642 4384 4702 ‘quantum

1138 4723 1332 4783 ‘libet’,
1386 4724 1581 4784 inquit,
1638 4722 1978 4784 ‘imperator'.
2052 4728 2168 4783 post
2216 4722 2307 4769 hoc
2354 4734 2418 4769 ex
2468 4735 2598 4782 equo
2645 4721 2859 4770 Severus
2907 4721 3170 4769 descendit
3217 4727 3268 4769 et
3317 4723 3687 4771 recentissimos
3737 4736 3959 4786 quosque
4008 4740 4064 4774 ac
4107 4728 4383 4774 fortissimos

1135 4809 1322 4856 milites
1371 4810 1418 4856 ei
1465 4810 1734 4872 comparari
1780 4810 1945 4859 iussit.
2021 4811 2129 4855 tum
2177 4807 2264 4855 ille
2314 4820 2448 4854 more
2494 4807 2637 4854 solito
2686 4813 2881 4869 septem
2928 4807 3227 4854 fortissimos
3276 4820 3377 4855 uno
3427 4808 3608 4857 sudore
3657 4810 3780 4858 vicit
3826 4812 4066 4872 solusque
4114 4813 4329 4860 omnium
4360 4825 4385 4857 a

1136 4893 1317 4943 Severo
1366 4899 1477 4956 post
1521 4900 1756 4955 argentea
1801 4895 2020 4955 praemia
2067 4899 2239 4954 torque
2287 4906 2436 4941 aureo
2484 4893 2694 4941 donatus
2744 4898 2822 4940 est
2868 4894 3141 4958 iussusque
3187 4894 3322 4941 inter
3368 4895 3631 4956 stipatores
3678 4898 3891 4958 corporis
3939 4910 4136 4958 semper
4182 4899 4235 4947 in
4284 4897 4384 4945 aula

1136 4982 1430 5029 consistere.

1317 5064 1367 5125 2)
1406 5068 1512 5114 vita
1545 5082 1592 5116 c.
1632 5073 1694 5117 4.·
1752 5066 1838 5114 diu
1891 5067 1985 5113 sub
2021 5066 2279 5113 Antonino
2319 5064 2564 5113 Caracalla
2599 5065 2798 5114 ordines
2833 5066 3015 5127 duxit,
3068 5067 3380 5115 centuriatus
3425 5067 3743 5123 (centuriatos
3780 5067 3908 5130 libri)
3950 5073 4003 5116 et
4038 5076 4225 5117 ceteras
4261 5068 4381 5117 mili-

1136 5157 1267 5199 tares
1304 5150 1576 5212 dignitates
1614 5165 1763 5214 saepe
1801 5151 2059 5200 tractavit.

1311 5236 1359 5298 3)
1403 5240 1504 5286 vita
1538 5253 1581 5286 c.
1623 5245 1686 5288 4.·
1746 5238 1841 5286 sub
1890 5237 2132 5298 Macrino,
2186 5237 2317 5299 quod
2366 5251 2511 5300 eum,
2566 5239 2654 5298 qui
2701 5238 3013 5299 imperatoris
3062 5240 3143 5286 sui
3192 5238 3359 5286 fllium
3406 5238 3681 5299 occiderat,
3736 5238 4062 5289 vehementer
4101 5241 4310 5301 odisset,
4361 5253 4383 5285 a

1138 5323 1324 5371 militia
1361 5323 1534 5372 desiit.
1610 5337 1652 5372 c.
1695 5325 1761 5371 5.-
1799 5323 2105 5371 Maximinus
2145 5358 2157 5372 .
2191 5359 2203 5371 .
2235 5358 2248 5372 .
2290 5324 2547 5372 tribunus.

1310 5408 1357 5469 4)
1402 5412 1508 5457 vita
1543 5424 1583 5457 c.
1628 5413 1690 5456 4.·
1743 5410 1900 5457 occiso
1938 5408 2158 5457 Macrino
2196 5445 2208 5458 .
2240 5446 2252 5457 .
2287 5446 2299 5457 .
2340 5410 2429 5457 ubi
2468 5409 2849 5470 Heliogabalum
2896 5413 3041 5472 quasi
3079 5411 3327 5459 Antonini
3371 5411 3533 5458 fllium
3578 5412 3927 5472 imperatorem
3975 5413 4243 5474 comperit,
4285 5446 4298 5460 .
4327 5445 4339 5460 .
4367 5445 4379 5458 .

1137 5495 1200 5543 ad
1238 5508 1353 5542 eum
1391 5496 1549 5543 venit.
1623 5510 1665 5544 c.
1708 5498 1772 5545 6.-
1810 5509 1960 5556 quem
1997 5495 2288 5543 Alexander
2323 5497 2449 5544 miro
2486 5510 2600 5544 cum
2636 5497 2815 5556 gaudio
2854 5532 2868 5546 .
2901 5532 2915 5546 .
2947 5532 2961 5546 .
3000 5499 3246 5559 suscepit.

1312 5580 1356 5641 5)
1410 5580 1612 5629 Orosius
1651 5584 1698 5642 7,
1741 5583 1838 5629 18.-
1895 5581 2218 5642 (Alexander)
2259 5583 2471 5630 militari
2519 5583 2742 5630 tumultu
2777 5583 2910 5644 apud
2946 5582 3321 5645 Mogontiacum
3357 5583 3656 5630 interfectus
3694 5587 3788 5631 est.
3865 5597 3907 5631 c.
3951 5585 4047 5631 19:
4089 5620 4101 5631 .
4134 5620 4147 5632 .
4184 5621 4195 5633 .
4239 5583 4386 5631 Maxi-

1139 5668 1311 5714 minus
1351 5702 1363 5715 .
1398 5703 1410 5714 .
1445 5704 1456 5715 .
1498 5667 1638 5715 nulla
1688 5673 1898 5716 senatus
1935 5668 2194 5716 voluntate
2230 5669 2501 5730 imperator
2536 5669 2597 5716 ab
2634 5670 2860 5716 exercitu
2900 5706 2912 5718 .
2947 5705 2959 5718 .
2993 5706 3006 5719 .
3047 5675 3244 5717 creatus
3279 5669 3679 5731 persecutionem
3716 5669 3769 5715 in
3808 5668 4119 5717 Christianos
4160 5706 4173 5719 .
4205 5707 4216 5719 .
4250 5706 4262 5718 .
4300 5681 4380 5716 ex-

1139 5753 1321 5800 ercuit.
1394 5753 1481 5800 sed
1524 5791 1534 5801 .
1569 5789 1580 5801 .
1611 5789 1625 5803 .
1666 5755 1816 5802 tertio
1852 5768 1999 5816 quam
2037 5755 2273 5814 regnabat
2308 5767 2438 5802 anno
2475 5768 2504 5802 a
2540 5754 2765 5815 Pupieno
2800 5755 3068 5816 Aquileiae
3104 5757 3427 5804 interfectus.
