4882 6775
1112 488 1190 549 24
1895 452 1900 461 ’
2057 516 2061 520 -
2558 481 2921 539 1oRnAN1s

1110 675 1201 742 ibi
1256 676 1325 741 in
1370 674 1692 741 excidium
1737 674 2016 741 infelicis
2061 674 2380 740 exercitus
2427 672 2558 739 dux
2603 681 2775 740 terra
2820 675 3069 739 caelum
3125 673 3265 740 dies
3308 679 3444 740 tota
3485 693 3697 739 rerum
3742 679 3974 739 natura
4017 674 4363 741 consensit.

1112 780 1168 844 si
1214 779 1473 862 quidem
1519 799 1646 844 non
1692 785 2025 844 contentus
2071 777 2390 843 simulatis
2432 778 2788 862 transfugis
2819 778 3121 860 Annibal,
3173 777 3282 861 qui
3328 798 3477 842 mox
3521 783 3706 861 terga
3750 778 4171 862 pugnantium
4219 798 4369 844 cae-—
4396 795 4557 835 rioms
4589 795 4629 841 2.
4658 798 4699 838 a
4734 798 4770 834 m

1115 882 1426 964 ciderant,
1475 882 1741 966 insuper
1784 881 2060 946 callidus
2103 881 2452 965 imperator
2494 881 2564 945 in
2610 881 2977 965 patentibus
3024 881 3270 966 campis
3316 881 3650 946 observato
3695 881 3820 945 loci
3863 881 4146 963 ingeni0,
4200 881 4371 963 quod

1115 991 1181 1052 et
1240 986 1336 1051 sol
1392 985 1487 1051 ibi
1528 985 1876 1050 acerrimus
1921 990 1987 1050 et
2030 985 2343 1069 plurimus
2387 985 2602 1069 pulvis
2647 991 2715 1050 et
2756 1004 2949 1049 eurus
2993 985 3075 1049 ab
3120 984 3362 1049 oriente
3407 1003 3661 1068 semper
3703 982 3887 1066 quasi
3933 984 4020 1048 ad
4064 984 4372 1050 constitu-

1049 1110 1075 1147 5
1112 1095 1281 1170 tum,
1334 1089 1428 1154 ita
1468 1088 1767 1154 instruxit
1809 1089 2051 1169 aciem,
2103 1093 2207 1169 ut,
2258 1088 2566 1153 Romanis
2610 1087 2925 1153 adversus
2971 1087 3133 1152 haec
3176 1087 3392 1151 omnia
3434 1087 3723 1152 obversis
3743 1139 3757 1168 ,
3822 1087 4174 1153 secundum
4222 1108 4367 1153 cae·—

1112 1193 1246 1257 lum
1302 1199 1531 1257 tenens
1589 1199 1779 1256 vento
1837 1191 2103 1276 pulvere
2167 1198 2232 1256 et
2291 1192 2426 1255 sole
2483 1197 2823 1275 pugnaret.
2915 1190 3132 1272 itaque
3193 1189 3319 1255 duo
3379 1189 3644 1254 maximi
3697 1190 4017 1256 exercitus
4063 1191 4238 1256 caesi
4281 1190 4365 1256 ad
4393 1220 4433 1249 e.
4469 1209 4516 1250 ιτ

956 1299 1073 1360 189
1113 1295 1388 1361 hostium
1435 1296 1817 1375 satietatem,
1871 1294 2072 1360 donec
2103 1294 2386 1359 Annibal
2432 1293 2675 1359 diceret
2719 1293 2909 1358 militi
2954 1312 3069 1358 suo
3124 1295 3349 1378 ‘parce
3393 1293 3616 1358 ferro‘.
3688 1292 3919 1358 ducum
3966 1293 4133 1377 fugit
4177 1294 4360 1376 alter,

1113 1400 1277 1464 alter
1334 1398 1583 1464 occisus
1628 1406 1761 1479 est,
1826 1396 2089 1462 dubium
2137 1404 2277 1463 uter
2319 1397 2564 1463 maiore
2609 1396 2857 1462 animo:
2927 1398 3197 1461 Paulum
3242 1395 3508 1481 puduit,
3571 1397 3771 1462 Varro
3815 1416 3941 1461 non
3988 1395 4360 1480 disperavit.

1113 1502 1495 1567 documenta
1538 1501 1741 1566 cladis
1786 1508 2088 1565 cruentus
2133 1499 2531 1583 aliquamdiu
2562 1499 2865 1565 Aufidus:
2922 1518 3081 1584 pons
3127 1498 3208 1565 de
3256 1498 3679 1565 cadaveribus
3724 1499 3906 1563 iussu
3946 1497 4131 1565 ducis
4159 1500 4369 1565 factus
4395 1530 4435 1559 e.
4466 1519 4519 1560 ιε

1016 1626 1072 1666 ιο
1111 1605 1180 1670 in
1236 1610 1515 1670 torrente
1560 1605 1898 1686 Vergello:
1967 1603 2165 1669 modii
2223 1604 2348 1668 duo
2405 1603 2738 1667 anulorum
2787 1601 3245 1684 Chartaginem
3304 1602 3486 1667 missi
3543 1602 3954 1686 dignitasque
4012 1604 4371 1685 aequestris

956 1712 1075 1773 190
1110 1715 1334 1774 taxata
1392 1726 1716 1772 mensura.
1812 1706 2077 1773 dubium
2125 1705 2359 1775 deinde
2405 1725 2532 1771 non
2578 1705 2732 1787 erit,
2795 1706 2950 1787 quin
3014 1706 3305 1770 ultimum
3363 1705 3546 1770 illum
3607 1705 3778 1770 diem
3835 1706 4135 1771 habitura
4176 1706 4370 1772 fuerit
4396 1737 4435 1765 ο.
4471 1727 4521 1767 19

1113 1813 1317 1877 Roma
1376 1810 1792 1893 quintumque
1851 1810 2020 1874 intra
2072 1808 2243 1874 diem
2304 1808 2558 1893 epulari
2602 1809 2883 1873 Annibal
2942 1809 3010 1873 in
3055 1809 3375 1894 Capitolio
3432 1808 3707 1893 potuerit
3748 1846 3835 1855 —
3880 1809 4044 1875 sicut
4088 1811 4368 1874 Poenum

1111 1915 1295 1979 illum
1356 1914 1601 1978 dixisse
1645 1913 2091 1977 Maharbalem
2136 1912 2481 1979 Bomilcari
2537 1912 2750 1978 ferunt
2791 1949 2877 1959 —
2924 1913 2982 1977 si
3025 1912 3337 1992 Annibal,
3409 1910 3948 1994 quemadmodum
3995 1912 4186 1978 sciret
4230 1913 4371 1977 vin-

1114 2038 1291 2099 cere,
1344 2016 1438 2082 sic
1483 2017 1572 2081 uti
1618 2015 1886 2081 victoria
1933 2015 2184 2081 scisset.
2280 2014 2396 2080 sed
2441 2022 2576 2080 tum
2624 2015 2882 2099 quidem
2927 2016 3148 2098 illum,
3202 2021 3271 2080 ut
3316 2014 3444 2080 dici
3489 2015 3683 2098 vulgo
3730 2015 3944 2096 soled,
4010 2022 4124 2082 aut
4167 2014 4368 2081 fatum
4396 2045 4435 2075 ο.
4466 2034 4521 2075 20

1019 2143 1075 2182 ιδ
1116 2120 1293 2185 urbis
1337 2121 1769 2204 imperaturae
1814 2125 1927 2183 aut
1967 2118 2174 2202 ipsius
2220 2138 2400 2183 mens
2447 2119 2623 2183 mala
2669 2125 2733 2182 et
2775 2118 2986 2183 aversi
3032 2140 3070 2183 a
3104 2118 3496 2201 Chartagine
3542 2118 3633 2183 dii
3676 2117 3745 2182 in
3791 2117 4118 2183 diversum
4148 2119 4371 2183 abstu-

956 2229 1068 2289 191
1110 2226 1344 2290 lerunt.
1438 2244 1584 2289 cum
1629 2222 1897 2287 victoria
1940 2228 2161 2306 posset
2204 2221 2313 2302 uti,
2367 2219 2494 2286 frui
2539 2221 2770 2287 maluit
2811 2221 3163 2303 relictaque
3208 2224 3410 2287 Roma
3440 2220 3863 2305 Campaniam
3894 2221 4370 2303 Tarentumque
4398 2253 4437 2281 e.
4467 2241 4519 2282 αι

1113 2328 1430 2413 perrexit,
1497 2326 1608 2392 ubi
1653 2346 1803 2390 mox
1849 2330 1913 2390 et
1955 2326 2097 2409 ipse
2144 2332 2209 2391 et
2251 2325 2459 2409 ipsius
2505 2325 2823 2390 exercitus
2868 2324 3061 2390 ardor
3104 2324 3429 2408 elanguit,
3483 2323 3647 2389 adeo
3693 2330 3763 2389 ιιι
3805 2344 3955 2389 vere
4002 2323 4242 2389 dictum
4288 2323 4374 2391 sit

1112 2431 1403 2515 Capuam
1462 2429 1771 2494 Annibali
1830 2429 2090 2493 Cannas
2157 2428 2384 2493 fuisse.
2482 2428 2539 2493 si
2596 2427 2854 2510 quidem
2915 2428 3220 2493 invictum
3278 2428 3553 2511 Alpibus
3610 2425 4116 2510 indomitumque
4174 2427 4371 2492 armis
4398 2458 4436 2488 c.
4465 2448 4522 2489 22

958 2537 1073 2597 192
1111 2534 1426 2618 Campani
1467 2570 1553 2579 -
1599 2531 1743 2614 quis
1804 2531 2093 2597 crederet
2133 2569 2220 2578 —
2264 2531 2438 2596 soles
2498 2539 2562 2596 et
2619 2537 2912 2616 tepentes
2971 2531 3256 2596 fontibus
3316 2531 3519 2597 Baiae
3577 2532 3990 2613 subegerunt.
4100 2526 4373 2615 permis-
4399 2563 4438 2592 c.
4468 2552 4523 2593 τι

1013 2659 1072 2699 2⁰
1112 2656 1251 2702 sum
1313 2642 1411 2701 est
1469 2636 1720 2701 interim
1781 2636 2098 2719 respirare
2145 2635 2451 2700 Romanis
2510 2643 2576 2700 et
2632 2635 2819 2718 quasi
2875 2636 2959 2701 ab
3002 2633 3242 2717 inferis
3304 2654 3655 2718 emergere.
3749 2654 3931 2698 arma
3974 2653 4102 2699 non
4147 2640 4359 2699 erant:

1114 2738 1401 2804 detracta
1462 2745 1609 2804 sunt
1667 2739 1951 2823 templis.
2046 2738 2271 2803 deerat
2325 2738 2659 2803 iubentus:
2728 2738 2795 2803 in
2856 2746 3329 2805 sacramentum
3388 2739 3664 2804 liberata
3716 2726 4004 2802 servitia.
4097 2739 4373 2820 aegebat
4398 2769 4437 2799 ο.
4467 2759 4519 2799 24

1113 2842 1467 2907 aerarium:
1537 2860 1693 2925 opes
1755 2860 1908 2905 suas
1970 2849 2233 2906 senatus
2292 2841 2360 2904 in
2419 2840 2702 2905 medium
2755 2841 2967 2907 libens
3026 2841 3318 2925 protulit,
3386 2861 3507 2906 nec
3551 2846 3806 2925 praeter
3847 2839 4018 2924 quod
4062 2839 4130 2905 in
4175 2841 4372 2907 bullis

1114 2944 1516 3028 singulisque
1576 2944 1790 3009 anulis
1850 2951 1990 3009 erat
2047 2944 2385 3027 quicquam
2448 2943 2573 3009 sibi
2628 2942 2770 3008 auri
2827 2944 3244 3027 reliquerunt.
3352 2963 3594 3027 aeques
3671 2952 3930 3009 secutus
4005 2945 4369 3029 exemplum

1013 3071 1069 3112 ιι
1111 3048 1486 3130 imitateque
1529 3048 1853 3129 aequitem
1898 3047 2125 3112 tribus.
2219 3046 2496 3130 denique
2540 3047 2650 3111 vix
2702 3047 3014 3112 suffecere
3058 3047 3359 3129 tabulae,
3423 3048 3533 3111 vix
3577 3047 3929 3113 scribarum
3974 3067 4203 3113 manus
4249 3048 4375 3113 Le·
4400 3080 4438 3109 e.
4467 3070 4523 3111 25

956 3159 1073 3219 193
1111 3151 1260 3216 vino
1318 3151 1755 3233 Marcelloque
1822 3150 2229 3232 consulibus,
2304 3169 2449 3215 cum
2515 3150 2905 3234 privatorum
2974 3168 3130 3234 opes
3185 3149 3252 3214 in
3313 3150 3644 3234 publicum
3699 3150 4108 3216 referrentur.
4216 3150 4371 3231 quid
4400 3183 4438 3212 e.
4469 3171 4521 3211 ιε

1109 3259 1371 3320 autem?
1426 3254 1495 3318 in
1540 3253 1876 3337 elegendis
1922 3252 2409 3335 magistratibus
2456 3274 2623 3336 quae
2670 3253 3099 3318 centuriarum
3146 3253 3498 3338 sapientia,
3560 3274 3702 3318 cum
3748 3252 4032 3318 iuniores
4078 3273 4119 3318 a
4164 3253 4377 3318 senio-

1110 3358 1287 3423 ribus
1334 3357 1672 3424 consilium
1719 3357 1800 3424 de
1847 3357 2143 3423 creandis
2190 3357 2562 3423 consulibus
2607 3356 2970 3443 petierunt?
3015 3357 3254 3442 quippe
3286 3358 3616 3442 ⁸adversus
3661 3363 3864 3424 ostem
3909 3356 4143 3424 totiens
4171 3357 4375 3424 victo-

1111 3482 1281 3544 rem,
1346 3468 1479 3527 tam
1539 3460 1846 3527 callidum
1905 3481 2032 3526 non
2090 3460 2323 3527 virtute
2380 3469 2665 3542 tantum,
2716 3459 2856 3526 ‘sed
2913 3461 3048 3527 suis
3108 3462 3303 3527 etiam
3349 3482 3637 3546 pugnare
3684 3460 3970 3526 consiliis
4015 3461 4366 3545 oportebat.

958 3573 1071 3633 194
1111 3563 1318 3649 prima
1374 3564 1704 3630 redeuntis
1764 3570 1831 3629 et
1887 3571 1975 3629 ut*
2011 3564 2105 3630 ita
2163 3564 2438 3629 dixerim
2492 3565 2935 3629 reviviscentis
2979 3564 3234 3649 imperii
3280 3584 3430 3651 spes
3477 3564 3722 3630 Fabius
3766 3564 3916 3645 fuit,
3985 3565 4097 3647 qui
4140 3586 4371 3631 novam
4400 3598 4439 3626 e.
4467 3586 4517 3626 ⁶27

1011 3694 1071 3734 un
1113 3668 1194 3733 de
1239 3667 1560 3734 Annibale
1605 3667 1936 3734 victoriam
1980 3673 2376 3733 commentus
2421 3676 2521 3732 est
2565 3687 2693 3733 non
2737 3687 3054 3753 pugnare.
3146 3667 3299 3733 hinc
3348 3668 3449 3733 illi
3495 3687 3849 3751 cognomen
3894 3688 4127 3732 novum
4173 3674 4239 3733 et
4282 3668 4373 3734 rei

1111 3771 1410 3856 publicae
1456 3771 1736 3838 salutare
1783 3777 2138 3838 cunctator:
2191 3770 2341 3836 hinc
2384 3769 2553 3836 illud
2596 3791 2678 3836 ex
2722 3771 2980 3856 popu10,
3033 3777 3103 3837 ιιι
3145 3771 3398 3855 imperii
3446 3778 3694 3836 scutum
3734 3777 4090 3836 vocaretur.
4155 3771 4370 3853 itaque
4398 3803 4436 3832 ο.
4464 3791 4516 3832 zs

1111 3894 1227 3958 per
1270 3873 1601 3939 Samnium
1661 3880 1899 3956 totum,
1967 3894 2084 3958 per
2131 3874 2444 3939 Falernos
2491 3874 2955 3957 Gauranosque
3014 3875 3221 3939 saltus
3278 3874 3371 3938 sic
3423 3873 3774 3939 maceravit
3815 3873 4239 3957 Annibalem,
4305 3882 4375 3941 ut

955 3986 1073 4047 195
1111 3976 1266 4059 quia
1324 3976 1537 4060 frangi
1598 3975 1833 4043 virtute
1889 3997 2018 4043 non
2077 3984 2362 4062 poterat,
2429 3998 2609 4042 mora
2667 3977 3220 4042 comminueretur.
3313 3976 3465 4043 inde
3525 3976 3798 4043 Claudio
3843 3977 4150 4043 Marcello
4210 3977 4370 4044 duce
4397 4010 4436 4038 ο.
4465 3998 4517 4040 2⁹

1112 4079 1307 4146 etiam
1368 4081 1675 4163 congredi
1729 4099 1926 4147 ausus
1985 4088 2119 4162 est,
2183 4080 2538 4146 comminus
2598 4081 2775 4146 venit
2828 4088 2893 4147 et
2946 4081 3229 4166 perpulit
3284 4080 3352 4145 in
3397 4080 3754 4165 Campania
3800 4099 3921 4145 sua
3964 4087 4030 4145 et
4073 4081 4157 4146 ab
4203 4081 4374 4146 obsi-

1012 4210 1074 4251 :35
1115 4183 1303 4250 dione
1348 4183 1555 4250 Nolae
1611 4183 1787 4250 urbis
1843 4184 2139 4250 exclusit.
2233 4203 2432 4250 ausus
2492 4190 2591 4250 est
2635 4191 2701 4250 et
2743 4184 3120 4269 Sempronio
3166 4184 3456 4250 Graccho
3503 4184 3665 4250 duce
3710 4203 3841 4274 per
3869 4183 4220 4249 Lucaniam
4268 4204 4372 4250 se-
4398 4217 4437 4246 ο.
4467 4208 4519 4248 ³0

1112 4288 1221 4371 qui
1267 4295 1334 4354 et
1374 4307 1708 4373 praemere
1753 4294 1938 4371 terga
1983 4287 2335 4371 caedentis,
2388 4288 2685 4372 quamvis
2729 4295 2900 4372 tum,
2953 4307 2990 4352 o
3038 4286 3274 4372 pudor,
3330 4286 3553 4353 servili
3594 4295 3917 4372 pugnaret
3959 4287 4245 4353 exercitu
4287 4325 4374 4336 —

1114 4411 1264 4456 nam
1331 4391 1663 4475 hucusque
1730 4397 1824 4456 tot
1875 4391 2053 4457 mala
2119 4391 2542 4475 conpulerunt
2598 4428 2683 4437 —-
2741 4391 2859 4456 sed
2915 4390 3213 4457 libertate
3272 4391 3492 4457 donati
3551 4391 3633 4456 de
3693 4391 3998 4457 servitute
4053 4392 4372 4456 Romanos

1112 4494 1424 4561 fecerunt.
1517 4513 1555 4558 o
1612 4493 1985 4560 horribilem
2043 4492 2112 4559 in
2169 4501 2263 4559 tot
2321 4493 2613 4559 adversis
2674 4492 3011 4577 fiduciam,
3074 4513 3111 4558 o
3172 4493 3568 4576 singularem
3630 4494 3915 4559 animum
3959 4515 4036 4560 ac
4082 4495 4371 4579 spiritum
4400 4527 4440 4558 ο.
4468 4517 4516 4561 ³1

1111 4596 1333 4682 populi
1392 4597 1686 4663 Romani.
1779 4603 1911 4662 tam
1977 4597 2134 4663 artis
2200 4596 2588 4680 afflictisque
2655 4599 2880 4681 rebus,
2956 4604 3025 4664 ut
3092 4596 3174 4664 de
3232 4597 3425 4664 Italia
3491 4617 3612 4663 sua
3657 4597 3954 4663 dubitare
4014 4597 4363 4680 debuisset,

1010 4731 1072 4772 ⁴0
1110 4719 1308 4798 ausus
1366 4708 1585 4766 tamen
1645 4706 1744 4766 est
1799 4701 1867 4766 in
1911 4700 2169 4766 diversa
2211 4701 2566 4784 respicere,
2633 4720 2903 4785 cumque
2947 4700 3151 4767 hostis
3192 4700 3261 4766 in
3304 4700 3528 4784 iugulo
3574 4721 3689 4784 per
3733 4700 4154 4786 Campaniam
4195 4703 4373 4786 Apu-
4399 4733 4440 4765 ο.
4469 4723 4523 4766 ³2

1111 4803 1391 4886 liamque
1449 4802 1747 4869 volitaret
1805 4803 2213 4888 mediamque
2271 4804 2403 4869 iam
2459 4803 2541 4870 de
2586 4804 2777 4870 Italia
2819 4803 3105 4869 Africam
3151 4803 3426 4886 faceret,
3491 4804 3718 4869 eodem
3762 4810 4049 4890 tempore
4095 4810 4161 4870 et
4202 4804 4370 4870 hunc

1114 4906 1477 4973 sustinebat
1519 4913 1585 4974 et
1627 4907 1694 4972 in
1741 4907 2027 4973 Siciliam
2074 4907 2441 4974 Sardiniam
2487 4907 2924 4994 Spaniamque
2970 4906 3182 4973 divisa
3224 4927 3341 4992 per
3383 4913 3691 4973 terrarum
3738 4907 3954 4973 orbem
4000 4927 4181 4973 arma
4225 4906 4372 4974 mit-

1284 5210 1337 5258 Η
1359 5212 1405 5260 Ρ
1433 5212 1487 5262 V.
1529 5238 1599 5248 —
1638 5211 1770 5262 Mur.
1806 5229 1861 5276 p.
1891 5200 2017 5261 231⁶
2051 5228 2097 5260 υ.
2136 5212 2195 5261 17
2234 5214 2474 5275 perrexit.

1283 5366 1312 5416 4
1351 5369 1596 5416 nectimus
1634 5366 1729 5414 ΗΡ
1933 5368 1964 5416 6
2003 5364 2232 5433 maximi]
2269 5368 2464 5428 Florus,
2507 5369 2754 5415 maximas
2792 5368 2934 5415 HPV
3139 5366 3170 5416 9
3207 5363 3424 5433 nundus]
3462 5368 3654 5428 florus,
3696 5373 3782 5416 aut
3816 5369 3943 5416 fidus
3981 5369 4033 5427 V,
4076 5370 4209 5418 haud
4244 5369 4371 5416 fidus

1109 5453 1208 5500 ΗΡ
1418 5454 1480 5503 10
1517 5454 1802 5515 chartagine
1834 5454 1979 5500 HPV
2188 5452 2248 5501 12
2288 5449 2443 5519 sicut]
2485 5455 2528 5500 si
2564 5455 2697 5515 quod
2734 5455 2912 5502 Florus
3121 5468 3308 5514 penum
3348 5453 3494 5500 HPV
3701 5451 3762 5501 13
3801 5455 4093 5502 Bomilcaris
4133 5455 4304 5502 Florus

1109 5540 1153 5587 si
1189 5552 1286 5588 om.
1331 5540 1508 5588 Florus
1721 5538 1782 5587 14
1820 5536 1932 5605 sed]
1974 5540 2036 5587 ed
2084 5538 2149 5584 V⁰
2358 5541 2541 5586 sactum
2581 5539 2627 5585 P
2834 5538 2896 5587 15
2934 5539 3282 5601 imperatorem
3322 5540 3372 5585 H
3583 5539 3644 5588 16
3680 5542 3839 5601 possit
3875 5540 4023 5587 HPV
4225 5541 4368 5589 relic-

1109 5638 1208 5687 qne
1245 5639 1445 5674 romans
1481 5625 1534 5673 Η
1768 5625 1826 5674 17
1866 5624 1948 5693 ut]
1984 5633 2036 5675 et
2074 5626 2118 5673 P
2340 5624 2405 5673 20
2445 5638 2574 5674 none
2612 5630 2753 5672 erant
2792 5625 2837 5672 P
3040 5623 3101 5673 21
3144 5626 3196 5672 in
3237 5625 3306 5672 bia
3353 5625 3393 5671 V
3596 5624 3659 5672 21
3700 5627 3973 5686 equitatem
4024 5627 4062 5672 V
4267 5628 4374 5674 suf-

1106 5712 1265 5765 ficere,
1288 5712 1434 5760 HPV
1457 5713 1633 5760 Florus
1663 5711 1879 5773 (Bamb.)
2118 5710 2183 5759 25
2221 5712 2501 5760 reserentur
2537 5712 2591 5758 H
2818 5710 2882 5759 34
2919 5711 3144 5760 osidione
3182 5710 3279 5757 ΗΡ
3504 5709 3569 5759 35
3607 5707 3775 5778 nolae]
3812 5711 4004 5772 Horres,
4046 5715 4193 5759 notae
4230 5711 4375 5758 HPV

1108 5796 1174 5848 42
1211 5800 1327 5847 orbe
1365 5797 1457 5845 ΡΥ
