4882 6775
1883 504 2339 561 PROOEMIVM.
3573 505 3737 570 XIX

940 731 1025 794 ΙΙ.
1077 730 1269 794 Gothi
1316 731 1409 795 cis
1453 730 1817 795 Danuvium
1862 731 1929 794 in
1972 731 2221 795 Moesia
2264 737 2328 795 et
2372 730 2652 795 Thracia
2708 729 2805 811 (cf.
2847 732 2964 807 38.
3019 732 3153 809 39).

1159 834 1432 918 Telephi
1478 842 1542 898 et
1585 835 1903 917 Eurypyli
1946 835 2014 898 in
2058 835 2301 905 Moesia
2344 854 2611 915 regnum
2658 837 2937 898 58—60.

1157 935 1454 1020 Tomyris
1500 938 1724 1020 regina
1768 938 2052 1003 devincit
2094 938 2331 1022 Cyrum
2380 941 2486 1002 61.
2539 941 2652 1000 62..

1163 1044 1446 1124 Antyrus
1488 1060 1604 1105 rex
1648 1040 1846 1105 vincit
1890 1041 2176 1121 Darium,
2230 1041 2492 1105 Xerxen
2535 1039 2792 1123 repellit
2835 1043 2937 1103 63.
2993 1044 3097 1102 64.

1161 1144 1440 1209 Gudilae
1484 1144 1656 1227 regis
1701 1144 1835 1208 filia
1877 1143 2175 1228 Philippo
2221 1142 2557 1209 Macedoni
2602 1143 2815 1219 nubit3
2881 1143 3055 1208 idem
3102 1144 3421 1209 Odessum
3482 1143 3736 1209 obsidet

1241 1252 1347 1310 65.
1399 1251 1503 1310 66.

1161 1350 1435 1415 Sitalces
1479 1349 1849 1416 Perdiccam
1868 1403 1873 1409 .
1894 1350 2092 1415 vincit
2137 1354 2239 1414 66.

1146 1454 1535 1519 ,Βο6ι-6ὺὶειε.
1578 1474 1711 1519 rex.
1807 1454 2192 1536 Dicaeneus,
2246 1453 2468 1518 Sullae
2513 1454 2806 1537 aequalis
2852 1457 2929 1518 67
2990 1454 3089 1536 (cf.
3145 1457 3276 1538 39).

1158 1558 1438 1623 Caesare
1482 1557 1811 1640 dictatore,
1864 1557 2178 1640 August0,
2230 1557 2488 1621 Tiberio
2534 1556 2728 1622 Gothi
2771 1558 3123 1623 incolumes
3170 1561 3274 1621 68.

1398 1660 1706 1726 Dicaenei
1751 1660 2096 1744 disciplina
2141 1663 2418 1725 69-72,

1158 1763 1529 1829 Comosicus
1573 1784 1688 1829 rex
1736 1766 1840 1828 73.

1160 1867 1436 1933 Corillus
1479 1888 1593 1932 rex
1640 1870 1741 1931 73.

1397 1969 1642 2035 Daciae
1689 1970 2032 2055 descriptio
2079 1974 2181 2033 74.

1398 2072 1680 2138 Danuvii
1726 2073 2069 2157 descriptio
2117 2076 2217 2136 75.

1156 2177 1568 2262 Diurpaneus
1611 2198 1745 2243 rex,
1841 2177 2094 2242 Bellum
2141 2197 2282 2241 cum
2328 2176 2695 2242 Domitiano
2741 2181 3016 2241 76-78,

1398 2281 1665 2344 Ansium
1713 2281 1851 2345 sive
1894 2279 2263 2345 Amalorum
2308 2280 2696 2363 genealogia
2741 2283 3016 2345 78-81,

899 2437 1020 2500 111.
1071 2436 1265 2501 Gothi
1310 2454 1503 2519 super
1545 2456 1720 2501 mare
1766 2436 2096 2501 Ponticum
2144 2439 2224 2499 82
2279 2436 2383 2517 (cf.
2436 2439 2540 2500 38.
2595 2439 2726 2519 42).

1158 2539 1542 2603 Maximinus
1586 2538 1931 2621 imperator
1972 2559 2210 2622 genere
2256 2538 2569 2604 Gothicus
2614 2538 2769 2620 quid
2813 2539 3090 2622 gesserit
3133 2540 3250 2604 sub
3298 2541 3558 2618 Severo,
3613 2539 3741 2605 Ca-

1240 2642 1505 2723 racalla,
1557 2642 1936 2725 ElagabaIO,
1988 2642 2376 2723 Alexandro,
2430 2643 2709 2724 denique
2757 2642 3081 2725 imperans
3125 2642 3266 2727 ipse
3312 2645 3589 2707 83-88,

1162 2746 1548 2829 Ostrogotha
1592 2766 1705 2811 rex
1751 2753 1997 2830 pugnat
2041 2765 2182 2810 cuni
2229 2746 2527 2831 Philippo
2572 2748 2851 2810 89-93.

1398 2848 1894 2932 Marcianopolis
1941 2847 2284 2933 descriptio
2329 2852 2434 2911 93.

1156 2953 1445 3018 eiusdem
1491 2951 1760 3017 victoria
1804 2951 1886 3017 de
1934 2951 2244 3036 Gepidis:
2297 2952 2519 3016 horum
2565 2951 2742 3035 origo
2788 2955 3108 3015 94—100.

1156 3056 1362 3121 Oniva
1406 3075 1519 3120 rex
1564 3062 1811 3140 pugnat
1855 3075 1996 3119 cum
2042 3054 2242 3119 Decio
2292 3056 2653 3117 101—103.

1159 3157 1353 3222 Gothi
1398 3165 1685 3244 tempore
1731 3157 1908 3223 Galli
1953 3164 2017 3222 et
2060 3157 2420 3239 Volusiani,
2475 3157 2627 3223 item
2671 3157 3016 3223 Aemiliani
3067 3162 3423 3223 104—106.

1160 3261 1459 3327 Gallieno
1504 3262 1859 3345 imperante
1904 3260 2103 3325 Gothi
2146 3260 2369 3325 Asiam
2415 3260 2728 3345 diripiunt
2777 3264 3132 3325 107—109.

1393 3364 1705 3430 notabilia
1750 3364 1830 3430 (16
1878 3363 2307 3446 Chalcedone,
2360 3363 2500 3443 Ilio,
2553 3364 2869 3430 Anchialo
2921 3367 3278 3430 107—109.

1160 3469 1279 3532 sub
1327 3468 1725 3533 Diocletiano
1771 3468 2165 3551 collegisque
2211 3466 2404 3531 Gothi
2450 3467 2607 3550 quid
2652 3466 2920 3533 fecerint
2969 3471 3113 3532 110.

1160 3571 1313 3635 item
1361 3571 1479 3635 sub
1525 3571 1790 3653 regibus
1821 3570 2108 3636 Ariarico
2140 3577 2203 3635 et
2231 3569 2462 3635 Aorico
2492 3570 2849 3654 imperante
2881 3570 3294 3637 Constantino
3325 3573 3356 3637 I
3409 3576 3550 3637 111.
3592 3577 3735 3638 112.

1164 3673 1484 3739 Geberich
1530 3695 1643 3738 rex
1687 3675 2041 3758 imperante
2088 3673 2314 3739 eodem
2361 3673 2690 3738 Vandalos
2736 3673 3017 3739 devincit
3068 3678 3424 3738 113—115.

1036 3823 1059 3850 .
1161 3777 1658 3842 Hermanaricus
1704 3797 1817 3841 rex
1863 3776 2145 3841 devincit
2188 3777 2464 3841 Herulos
2510 3778 2790 3841 Venetos
2834 3776 3065 3843 Aestos
3115 3782 3473 3843 116-120.

1400 3882 1772 3945 Hunnorum
1819 3880 1995 3963 origo
2042 3886 2107 3945 et
2149 3899 2528 3964 progressus
2581 3883 2941 3944 121-128,

1162 3983 1604 4048 Hermanarici
1649 4003 1907 4069 pugnae
1954 4003 2094 4047 cum
2139 3983 2391 4048 Hunnis
2435 3988 2501 4047 et
2546 4002 2851 4048 excessus
2904 3987 3045 4047 129.
3104 3988 3247 4048 130.

1161 4088 1585 4170 Ostrogothae
1630 4099 1694 4152 et
1738 4087 2143 4169 Vesegothae
2189 4105 2332 4152 sese
2378 4094 2683 4170 separant
2732 4090 2850 4150 130
2907 4087 3010 4170 (cf.
3061 4091 3166 4151 42.
3221 4091 3324 4153 82.
3379 4090 3555 4170 246).

1757 4362 1886 4426 Res
1933 4361 2465 4444 Vesegotharum.

912 4552 1308 4635 Fritigernus
1355 4572 1495 4615 cum
1544 4551 1679 4615 suis
1722 4550 1789 4613 in
1833 4549 2176 4614 Thraciam
2223 4557 2287 4614 et
2331 4549 2609 4614 Moesias
2653 4549 2881 4614 transit
2934 4553 3289 4613 131—136.

906 4655 1168 4720 vincunt
1211 4662 1275 4719 et
1319 4653 1615 4718 occidunt
1659 4653 1995 4717 Valentem
2040 4652 2194 4736 imp.
2256 4656 2395 4716 137.
2456 4656 2596 4716 138.
2806 4636 2813 4642 ’

901 4758 1327 4824 Athanaricus
1372 4778 1486 4822 rex
1529 4777 1756 4842 pacem
1803 4756 1960 4821 facit
2003 4776 2146 4820 cum
2177 4755 2485 4821 Gratiano
2521 4763 2586 4821 et
2622 4755 2985 4821 Theodosio
3018 4756 3082 4832 Ι;
3137 4755 3398 4819 moritur
3427 4755 3742 4821 Constan-

989 4860 1255 4944 tinopoli
1308 4864 1664 4924 139-144,

905 4964 1097 5029 Gothi
1145 4984 1287 5029 cum
1332 4963 1696 5028 Theodosio
1740 4962 2097 5046 Eugenium
2145 4963 2491 5027 devincunt
2541 4967 2684 5026 145.

907 5067 1148 5132 Alarici
1194 5067 1223 5130 I
1282 5067 1456 5150 regis
1513 5066 1979 5151 imperantibus
2024 5066 2300 5131 Arcadio
2360 5074 2423 5131 et
2479 5066 2756 5131 Honorio
2814 5085 2918 5130 res
2969 5072 3192 5149 gestae
3251 5064 3516 5148 eiusque
3574 5084 3744 5129 mors

1001 5173 1356 5234 146—158.

996 5275 1341 5337 Ravennae
1389 5271 1733 5356 descriptio
1783 5275 1983 5334 148-
2003 5276 2105 5333 151
2130 5322 2143 5334 .

909 5377 1192 5441 Athaulfi
1238 5375 1410 5458 regis
1457 5395 1559 5440 res
1603 5382 1827 5459 gestae
1880 5379 2237 5440 159-163.

909 5479 1194 5562 Segerici
1240 5480 1413 5562 regis
1457 5498 1560 5543 res
1604 5485 1829 5562 gestae
1881 5482 2023 5543 163.

910 5583 1164 5647 Valliae
1208 5583 1380 5666 regis
1423 5602 1528 5646 res
1570 5589 1795 5664 gestae
1846 5585 2202 5645 164-175,

997 5704 1306 5750 excursus
1351 5684 1432 5750 de
1477 5705 1676 5766 regno
1721 5685 2154 5749 Vandalorum
2208 5688 2565 5748 166-173,

997 5807 1303 5853 excursus
1362 5789 1442 5854 de
1486 5789 1735 5852 Amalis
1778 5787 2128 5852 maioribus
2173 5788 2504 5853 Eutharici
2548 5786 2632 5851 ad
2681 5787 3078 5869 Vesegothas
3122 5785 3546 5868 migrantibus
3599 5790 3742 5850 174.

3254 5906 3330 5958 0*
