4882 6775
434 1689 493 1730 10

435 2206 496 2246 15

1996 554 2299 609 GETICA.
3699 564 3780 623 55

530 745 668 810 eius
712 745 933 829 pelagi
978 744 1156 828 ripa,
1223 763 1413 826 quam
1474 742 1756 808 diximus
1813 744 2008 809 totius
2065 745 2285 809 mundi
2341 745 2681 828 circulum,
2747 747 2815 811 in
2875 748 3131 812 modum
3177 768 3448 813 coronae
3491 742 3783 814 ambiens
3827 746 3858 809 I

529 849 690 913 fines
735 845 924 928 suos]
988 846 1256 912 curiosis
1317 847 1679 912 hominibus
1739 852 1804 912 et
1848 846 1956 931 qui
2002 848 2082 913 de
2128 848 2251 913 hac
2296 870 2366 913 re
2412 848 2690 915 scribere
2737 851 3073 915 voluerunt
3116 871 3553 935 perquaquam
3595 851 3783 916 inno-

527 952 683 1032 tuit,
750 951 904 1033 quia
948 956 1013 1015 et
1054 958 1262 1015 terrae
1308 950 1613 1014 circulum
1658 951 1741 1015 ab
1785 950 2014 1015 incolis
2060 950 2424 1035 possidetur
2467 958 2534 1018 et
2575 954 2922 1019 nonnullae
2966 954 3178 1019 insule
3222 954 3289 1017 in
3335 953 3561 1019 eodem
3605 974 3781 1019 mare

531 1054 914 1119 habitabiles
947 1060 1114 1131 sunt,
1168 1059 1239 1118 ut
1280 1053 1346 1117 in
1392 1052 1688 1118 orientali
1733 1054 1932 1137 plaga
1976 1060 2040 1118 et
2069 1054 2291 1119 Indico
2323 1054 2582 1119 Oceano
2614 1055 3023 1141 Hyppodem,
3075 1057 3461 1121 Iamnesiam
3487 1061 3557 1140 ¹),
3611 1057 3781 1122 Solis

528 1163 852 1241 perustam
897 1155 1189 1237 quamvis
1233 1155 1744 1238 inhabitabilem,
1797 1162 2012 1220 tamen
2056 1157 2311 1221 omnino
2357 1158 2458 1222 sui
2503 1158 2712 1242 spatio
2755 1158 2821 1223 in
2866 1160 3058 1242 longo
3104 1160 3360 1243 latoque
3406 1166 3769 1225 extensam:

528 1260 975 1343 Taprobanem
1034 1278 1319 1342 quoque,
1387 1258 1454 1323 in
1512 1279 1641 1340 qua
1710 1259 1997 1343 (excepto
2056 1259 2295 1343 oppida
2354 1261 2460 1325 vel
2507 1261 2963 1345 possessiones)
3034 1262 3256 1327 decem
3316 1262 3782 1327 munitissimas

528 1363 719 1427 urbes
765 1361 1059 1427 decoram
1080 1365 1120 1439 2)
1156 1387 1166 1425 ;
1222 1361 1339 1427 sed
1385 1368 1448 1427 et
1491 1361 1687 1426 aliam
1735 1361 1990 1426 omnino
2036 1362 2469 1445 gratissimam
2517 1363 2997 1429 Silefantinam:
3053 1385 3172 1429 nec
3215 1386 3341 1429 non
3386 1371 3451 1429 et
3493 1364 3770 1447 Theron,
3823 1366 3858 1425 7

527 1465 677 1530 licet
720 1486 845 1530 non
889 1465 971 1530 ab
1016 1465 1233 1548 aliquo
1279 1465 1586 1549 scriptore
1634 1464 1970 1545 dilucidas,
2024 1473 2238 1530 tamen
2285 1466 2420 1531 suis
2466 1468 2945 1551 possessoribus
2990 1468 3238 1533 affatim
3284 1467 3579 1533 refertas.
3663 1468 3783 1532 ha-

526 1569 637 1634 bet
691 1567 758 1632 in
817 1575 999 1652 parte
1044 1566 1313 1633 occidua
1356 1567 1527 1633 idem
1574 1567 1870 1633 Oceanus
1917 1568 2282 1651 aliquantas
2327 1569 2577 1634 insulas
2623 1577 2687 1636 et
2730 1591 2895 1655 pene
2940 1570 3187 1636 cunctis
3231 1571 3311 1636 ob
3358 1570 3781 1654 frequentiam

532 1671 814 1736 euntium
861 1678 926 1736 et
967 1671 1374 1736 redeuntium
1418 1678 1619 1736 notas.
1716 1679 1781 1736 et
1824 1677 1975 1736 sunt
2016 1672 2197 1737 iuxta
2241 1671 2474 1737 fretum
2522 1672 2914 1739 Gaditanum
2958 1675 3115 1739 haut
3157 1675 3376 1758 procul
3422 1695 3551 1737 una
3583 1674 3785 1739 Beata

533 1780 598 1839 et
641 1774 774 1838 alia
817 1794 983 1857 quae
1030 1774 1261 1839 dicitur
1304 1775 1676 1839 Fortunata.
1768 1775 2062 1857 quamvis
2118 1776 2411 1840 nonnulli
2470 1783 2534 1841 et
2588 1777 2706 1841 illa
2749 1778 3009 1860 gemina
3053 1776 3373 1841 Galliciae
3419 1782 3484 1842 et
3528 1776 3786 1859 Lysita-

531 1877 678 1942 niae
724 1879 1155 1961 promuntoria
1196 1878 1266 1943 in
1311 1877 1554 1943 Oceani
1596 1877 1846 1942 insulas
1891 1885 2151 1960 ponant,
2203 1879 2271 1942 in
2315 1899 2586 1962 quarum
2630 1899 2759 1944 una
2801 1881 3110 1964 templum
3155 1880 3485 1960 Herculis,
3538 1879 3604 1943 in
3649 1878 3785 1944 alia

532 1987 1008 2046 monumentum
1066 1981 1279 2046 adhuc
1338 1980 1724 2064 conspicitur
1768 1980 2134 2065 Scipiones,
2197 1989 2413 2047 tamen
2434 2034 2448 2063 ,
2515 1983 2668 2065 quia
2706 1983 3192 2067 ,extremitatem
3240 1982 3532 2048 Galiciae
3574 1989 3783 2048 terrae

533 2085 889 2165 continent,
962 2084 1049 2148 ad
1118 2093 1351 2150 terram
1426 2105 1727 2167 magnam
1786 2084 2082 2168 Europae
2154 2086 2366 2169 potius
2432 2106 2622 2167 quam
2680 2086 2764 2151 ad
2823 2086 3064 2152 Oceani
3124 2086 3445 2170 pertinent
3502 2086 3775 2151 insulas.
3825 2087 3864 2149 8

533 2186 729 2251 habet
784 2194 1000 2252 tamen
1047 2188 1319 2273 etalias
1363 2188 1610 2252 insulas
1654 2188 1923 2253 interius
1967 2188 2035 2252 in
2082 2208 2197 2252 suo
2243 2195 2418 2269 estu,
2487 2210 2654 2273 quae
2714 2190 3012 2255 dicuntur
3052 2190 3395 2271 Baleares,
3463 2189 3782 2271 habetque

534 2298 598 2354 et
650 2289 783 2354 alia
826 2290 1125 2355 Mevania
1145 2294 1228 2373 ³),
1295 2311 1416 2355 nec
1471 2311 1597 2356 non
1642 2290 1929 2356 Orcadas
1988 2311 2250 2357 numero
2294 2311 2520 2357 xxxm
2579 2293 2871 2375 quamvis
2926 2313 3053 2357 non
3111 2312 3333 2357 omnes
3392 2294 3681 2357 excultas
3701 2298 3774 2373 ⁴).

532 2393 724 2457 habet
780 2398 844 2457 et
900 2392 967 2457 in
1027 2394 1246 2459 ultimo
1304 2394 1544 2477 plagae
1604 2394 2023 2459 occidentalis
2079 2395 2275 2458 aliam
2328 2396 2610 2461 insulam
2668 2397 2924 2461 nomine
2969 2397 3216 2480 Thyle,
3285 2396 3367 2461 de
3425 2417 3554 2479 qua
3597 2397 3781 2460 Man-
3824 2397 3864 2457 9

530 2502 762 2561 tuanus
805 2495 971 2561 inter
1014 2497 1183 2561 alia:
1259 2497 1408 2562 ‘tibi
1454 2497 1695 2563 serviat
1739 2497 1964 2562 ultima
2008 2498 2248 2581 Thyle’
2270 2502 2343 2581 ⁵).
2438 2499 2637 2565 habet
2690 2520 2942 2583 quoque
2999 2499 3058 2564 is
3110 2500 3249 2584 ipse
3295 2499 3623 2564 inmensus
3668 2520 3784 2583 pe-

530 2600 718 2683 lagus
763 2599 828 2663 in
873 2604 1053 2683 parte
1098 2607 1314 2681 artoa,
1372 2600 1441 2665 id
1486 2607 1586 2666 est
1630 2601 2148 2685 septentrionali,
2214 2603 2500 2687 amplam
2544 2603 2820 2668 insulam
2865 2603 3121 2668 nomine
3168 2602 3562 2683 Scandzam,
3615 2602 3783 2667 unde

701 2793 820 2839 ΗΡ
849 2793 952 2839 VL
980 2795 1022 2839 A
1052 2792 1089 2839 S
1128 2794 1175 2852 (a
1218 2792 1278 2841 18
1315 2793 1482 2855 habet)
1527 2793 1571 2839 Β
1598 2794 1644 2839 X
1669 2794 1735 2854 (Y
1761 2794 1844 2856 Z).
1923 2793 2051 2843 Rav.
2093 2796 2142 2853 5,
2185 2795 2249 2843 ‘29
2284 2809 2335 2854 p.
2379 2798 2480 2843 419
2518 2794 2581 2842 ad
2617 2811 2665 2843 v.
2708 2795 2771 2843 4:
2827 2797 2882 2843 in
2919 2794 3115 2845 Oceano
3151 2810 3266 2843 vero
3301 2795 3475 2843 Indiae
3515 2832 3527 2843 .
3561 2833 3572 2844 .
3608 2832 3619 2843 .
3660 2801 3785 2843 sunt

528 2878 748 2927 diversae
783 2879 979 2926 insulae
1020 2916 1030 2927 .
1066 2915 1076 2926 .
1110 2917 1122 2929 .
1162 2879 1213 2926 id
1252 2885 1331 2928 est
1366 2879 1556 2941 Ypode,
1597 2881 1866 2942 Iamnesia,
1908 2880 2208 2929 Silefentina
2251 2880 2338 2941 (ol.
2380 2881 2651 2941 silesantia,
2692 2882 2987 2944 silerentia),
3032 2882 3246 2931 Theron.
3318 2898 3368 2943 p.
3402 2883 3503 2929 ⁴⁴20
3539 2881 3605 2928 ad
3634 2898 3685 2932 υ.
3715 2880 3778 2931 6:

487 2962 492 2967 '
529 2964 650 3011 item
689 3001 702 3012 .
738 3000 748 3012 .
781 3003 792 3014 .
834 2970 914 3012 est
948 2966 1278 3026 insula-quae
1313 2965 1501 3014 dicitur
1538 2966 1829 3027 Taprobane
1871 3002 1883 3014 .
1915 3008 1927 3018 .
1960 3003 1971 3015 .
2014 2967 2068 3014 in
2106 2980 2205 3027 qua
2240 2966 2412 3014 decem
2450 2968 2681 3015 civitates
2718 2970 2876 3016 fuisse
2913 2968 3333 3017 nominatissimae
3370 2968 3490 3029 legi,
3534 2972 3592 3014 ut
3628 2972 3785 3015 testa-

529 3054 610 3097 tur
655 3050 781 3097 mihi
827 3051 1013 3099 Paulus
1048 3052 1252 3099 Orosius
1303 3053 1703 3113 sapientissimus
1740 3050 1962 3100 Orientis
2010 3057 2359 3113 perscrutator.
2439 3055 2487 3113 5,
2532 3054 2599 3101 33
2631 3069 2683 3114 p.
2725 3054 2827 3101 443
2862 3052 2929 3102 ad
2965 3069 3013 3102 υ.
3059 3052 3152 3101 17:
3204 3055 3375 3102 insula
3422 3067 3550 3116 quae
3598 3052 3783 3101 dicitur

529 3135 702 3197 Thyle,
743 3136 806 3184 de
842 3151 941 3197 qua
977 3140 1028 3185 et
1063 3138 1374 3186 Mantuanus
1411 3139 1482 3186 ait
1515 3140 1653 3186 inter
1687 3138 1906 3199 reliqua:
1956 3137 2072 3186 ‘tibi
2110 3140 2295 3186 serviet
2328 3140 2507 3187 ultima
2544 3138 2744 3197 Thyle'.

702 3257 722 3305 l
765 3254 953 3323 pelagi]
989 3258 1131 3318 plaga
1168 3259 1212 3306 L
1455 3257 1484 3306 3
1523 3254 1666 3324 quia]
1701 3273 1853 3320 quam
1894 3259 2030 3305 ΧΥΖ
2271 3264 2322 3306 et
2357 3256 2542 3325 terrae]
2580 3260 2728 3307 etiam
2763 3273 2829 3307 ne
2869 3260 2913 3306 A
3170 3255 3437 3325 circulum]
3476 3258 3775 3322 HPVXYZ,

526 3344 738 3392 circulus
776 3342 918 3392 LAB
1156 3340 1313 3411 mare]
1349 3343 1555 3406 HPVL,
1596 3346 1720 3393 mari
1760 3344 1903 3392 ΑΒΧ
1917 3345 1956 3392 Υ
2225 3344 2258 3393 4
2294 3350 2353 3393 ut
2385 3358 2483 3393 om.
2526 3345 2616 3393 PA
2871 3342 3172 3413 hyppodem]
3211 3344 3369 3409 HPV,
3408 3345 3677 3408 hippodem
3715 3330 3799 3406 A,

526 3430 705 3491 hipode
743 3430 802 3491 L,
843 3431 1028 3493 ypodes
1064 3431 1126 3491 Β,
1168 3430 1326 3491 ypode
1362 3431 1509 3491 Ram,
1551 3431 1856 3492 hippopodes
1896 3432 1955 3491 Z,
1997 3430 2271 3494 hipopodes
2312 3431 2371 3491 X,
2414 3432 2699 3494 yppopodes
2745 3433 2786 3479 Y
3055 3433 3300 3480 iamnesia
3336 3431 3443 3492 BY,
3493 3431 3627 3478 iauia
3665 3432 3709 3478 A

525 3517 644 3563 solis
679 3521 883 3577 perusta
919 3516 1021 3576 PA,
1065 3518 1168 3564 sole
1203 3522 1442 3578 perustae
1476 3516 1535 3579 B,
1581 3518 1775 3566 solibus
1811 3522 2068 3580 perustam
2109 3518 2205 3580 (-ta
2237 3518 2292 3579 Υ)
2341 3518 2433 3564 ΧΥ
2635 3518 2664 3566 5
2700 3518 3053 3566 inhabitabilis
3089 3519 3150 3577 A,
3194 3518 3497 3566 inhabitales
3528 3518 3630 3580 (sic)
3663 3518 3710 3564 Β

522 3603 578 3648 in
612 3615 708 3652 om.
740 3601 785 3648 Β
1025 3603 1228 3663 longum
1265 3604 1526 3664 latumque
1565 3603 1611 3649 X
1621 3603 1659 3649 Y
1886 3608 2098 3651 extensa
2136 3604 2244 3665 LA,
2289 3611 2530 3652 extensae
2568 3604 2611 3650 Β
2853 3604 2884 3653 6
2924 3605 3241 3652 tabrobanem
3280 3605 3341 3664 L,
3382 3604 3675 3666 taprobanes
3713 3605 3773 3666 Β,

522 3689 842 3749 taprobanam
882 3688 940 3748 X,
983 3690 1250 3750 taprobana
1283 3689 1378 3752 YZ,
1420 3690 1689 3750 taprobane
1727 3690 1771 3736 A
2051 3691 2104 3737 in
2143 3704 2240 3751 qua
2287 3703 2382 3738 om.
2427 3690 2472 3736 A
2749 3697 2960 3752 excepto
2997 3690 3177 3752 oppido
3212 3690 3275 3751 Β,
3319 3691 3544 3752 exceptis
3580 3691 3779 3752 oppidis

524 3773 668 3820 AXY
902 3775 1300 3834 possessionibus
1337 3775 1528 3822 ΑΒΧΥ
1767 3772 1962 3841 decem]
2000 3776 2180 3823 dicunt
2217 3775 2262 3821 Β
2494 3773 2882 3842 munitissimas]
2920 3776 3123 3839 HPLB,
3164 3777 3520 3825 munitissimis
3555 3777 3620 3838 A,
3662 3791 3776 3826 mu-

524 3845 772 3908 nitissime
813 3860 965 3923 (-mae
1003 3860 1099 3922 ΥΖ)
1145 3861 1192 3906 X
1201 3861 1295 3919 YZ,
1336 3862 1699 3910 minutissimas
1746 3861 1787 3908 V
2062 3863 2088 3909 7
2127 3863 2337 3910 urbibus
2375 3862 2419 3908 A
2685 3863 2860 3911 decora
2897 3863 2960 3924 A,
3003 3863 3300 3912 decorantur
3337 3863 3471 3909 XYZ
3726 3869 3779 3912 et

527 3942 696 4011 aliam]
732 3946 939 4006 ΗΡΧΖ,
980 3952 1032 3994 et
1069 3947 1166 3994 alia
1199 3946 1356 4007 LAY,
1396 3953 1449 3995 et
1481 3949 1675 3996 italiam
1720 3949 1775 4007 V,
1815 3948 1961 3996 aliam
1998 3947 2043 3993 Β
2165 3969 2166 3974 ’
2285 3949 2571 4009 gratissima
2609 3948 2762 4009 LAY,
2804 3949 3230 3998 nominatissimae
3268 3948 3530 3998 Ravennas
3566 3949 3780 4008 fortasse

522 4037 642 4080 recte
850 4028 1215 4098 silefantinam]
1254 4032 1440 4081 HPVL
1472 4034 1575 4095 fere
1609 4038 1667 4081 ut
1704 4033 1854 4096 Rev„
1896 4035 2186 4083 silefantina
2210 4035 2273 4093 A,
2317 4035 2707 4096 silephantinam
2739 4035 2851 4095 (-na
2885 4034 2936 4095 Y)
2969 4036 3013 4082 X
3025 4035 3074 4097 Y,
3115 4035 3514 4097 selephantinam
3555 4037 3613 4098 Z,
3656 4038 3779 4085 sile-

523 4121 794 4167 stantinam
818 4118 865 4164 Β
1038 4124 1090 4168 et
1111 4115 1309 4184 theron]
1335 4119 1433 4166 ΗΡ
1446 4120 1617 4167 VXYZ
1638 4134 1752 4168 cum
1771 4120 1918 4182 Rau„
1951 4125 2004 4168 et
2027 4120 2178 4169 heron
2205 4120 2266 4181 Β,
2298 4121 2535 4169 aetheron
2563 4122 2624 4184 A,
2655 4126 2732 4169 est
2755 4121 2911 4169 heron
2936 4122 2979 4169 L
3190 4121 3219 4170 8
3255 4117 3397 4186 licet]
3434 4122 3636 4170 tametsi
3662 4123 3706 4169 A

520 4204 740 4253 dilucide
778 4205 826 4252 X
835 4206 914 4253 ΥΖ
1135 4206 1536 4266 possessionibus
1574 4206 1618 4252 A
1844 4208 2059 4254 refertae
2098 4206 2196 4253 AY
2417 4204 2592 4273 habet]
2628 4207 2778 4255 habet
2813 4213 2866 4256 et
2901 4208 2943 4254 Z
3168 4206 3199 4254 9
3235 4207 3529 4256 occidentali
3569 4208 3706 4255 ΧΥΖ

521 4291 856 4352 aliquantulas
880 4292 927 4338 Β
1133 4293 1473 4353 crequentiam
1500 4292 1546 4338 P
1753 4292 1815 4340 10
1853 4288 2021 4358 notas]
2057 4292 2258 4355 ABXY,
2288 4307 2444 4341 nonas
2471 4294 2630 4353 HPV,
2657 4294 2941 4342 notissimas
2967 4293 3010 4340 L
3218 4294 3353 4341 iusta
3377 4293 3421 4339 A
3630 4290 3776 4359 haut]

520 4377 631 4437 ΗΡ,
671 4382 758 4425 aut
793 4378 904 4437 AV,
945 4378 1076 4427 haud
1109 4379 1199 4427 rel.
1415 4376 1473 4426 11
1514 4379 1741 4426 calliciae
1780 4378 1839 4439 L,
1879 4378 2098 4437 galeciae
2136 4378 2181 4425 A
2387 4376 2676 4445 lysitaniae]
2711 4379 2871 4440 HPV,
2912 4379 3165 4427 lisitaniae
3189 4379 3298 4439 LA,
3339 4378 3613 4427 lusitaniae
3640 4380 3732 4426 ΒΧ
3743 4380 3782 4426 Υ

527 4461 586 4510 12
622 4461 702 4530 in]
725 4466 861 4512 inter
886 4465 930 4511 A
1137 4464 1319 4511 insulis
1343 4464 1438 4511 ΒΧ
1448 4464 1486 4510 Υ
1689 4466 1744 4512 in
1771 4479 1868 4525 qua
1893 4478 1994 4511 una
2019 4464 2109 4524 L‘,
2151 4465 2204 4511 in
2231 4477 2438 4525 quorum
2465 4478 2564 4513 uno
2590 4465 2778 4511 ABXY
2980 4466 3035 4512 in
3061 4465 3156 4512 alio
3183 4465 3372 4512 ABXY
3579 4463 3640 4512 13
3679 4466 3778 4513 sci·
3819 4466 3825 4472 '

519 4545 720 4616 piones]
757 4549 912 4612 HPV,
969 4551 1205 4611 scipionis
1244 4550 1521 4598 LABXYZ
1797 4546 2026 4615 galiciae]
2067 4550 2174 4609 ΗΡ,
2238 4551 2455 4610 galeciae
2492 4551 2554 4612 A,
2616 4551 2836 4609 galuciae
2873 4549 2931 4612 L,
2993 4551 3216 4611 galliciae
3263 4551 3409 4611 VBX,
3467 4552 3694 4611 gallitiae
3742 4552 3780 4598 Υ

525 4635 584 4684 14
622 4636 812 4684 insulas
828 4619 941 4686 =om.
972 4635 1045 4682 L‘
1280 4635 1341 4684 15
1377 4637 1593 4684 interius
1629 4650 1725 4684 om.
1757 4636 1802 4682 Β
2035 4631 2185 4700 quae]
2221 4637 2422 4696 ABXY,
2465 4650 2613 4697 quem
2649 4636 2807 4697 HPV,
2850 4648 2999 4697 quam
3038 4635 3082 4683 L
3311 4633 3585 4702 habetque]
3623 4637 3776 4684 habet

525 4722 660 4768 ΧΥΖ
868 4721 931 4770 16
969 4727 1020 4769 et
1056 4737 1150 4770 om.
1185 4723 1229 4769 A
1438 4723 1588 4769 aliam
1625 4723 1908 4770 menaniam
1947 4721 2040 4769 ΒΧ
2053 4722 2100 4783 Υ,
2143 4722 2291 4769 aliam
2328 4722 2555 4770 suaniam
2585 4723 2647 4782 A,
2688 4722 2784 4769 alia
2821 4723 3005 4771 euania
3029 4721 3189 4782 HPV,
3230 4722 3351 4770 alias
3389 4723 3618 4770 euaniam
3660 4722 3704 4769 L

520 4804 641 4873 non]
677 4821 776 4856 non
801 4813 854 4855 et
889 4809 936 4855 Β
1143 4822 1349 4856 numere
1375 4808 1433 4869 P,
1475 4823 1572 4857 om.
1602 4809 1646 4856 L
1854 4808 2096 4856 xxxiiiior
2121 4808 2166 4855 Β
2375 4806 2434 4855 17
2476 4807 2613 4867 thyle
2648 4835 2716 4843 —
2759 4806 2819 4855 19
2847 4810 3049 4857 nomine
3072 4821 3168 4856 om.
3200 4808 3245 4854 A
3453 4813 3706 4856 antuanus
3732 4809 3778 4855 P

525 4893 583 4943 18
619 4890 742 4960 alia]
777 4895 896 4942 talia
931 4894 1027 4956 1³⁶,
1071 4911 1117 4944 a.
1155 4895 1279 4944 dicit
1314 4895 1450 4941 XYZ
1654 4892 1723 4961 is]
1757 4896 1835 4943 his
1884 4895 1981 4954 VL,
2024 4894 2074 4942 id
2113 4894 2174 4956 Β,
2214 4907 2310 4942 om.
2342 4893 2519 4943 SXYZ
2725 4895 2833 4955 ipse
2877 4896 2988 4956 (om.
3019 4892 3105 4955 If)
3151 4891 3433 4960 inmensus]
3470 4896 3637 4956 ipsum
3673 4895 3770 4941 im-

518 4994 745 5028 mensum
769 4980 952 5027 ΒΧΥΖ
1163 4979 1224 5028 19
1259 4977 1416 5046 artoa]
1455 4969 1637 5041 HPVb,
1666 4988 1802 5030 ortoa
1836 4980 1918 5040 V‘,
1948 4987 2110 5028 arctoa
2137 4980 2240 5037 ΧΥ,
2273 4985 2489 5028 coarctoa
2513 4978 2565 5039 S,
2597 4995 2729 5027 arma
2756 4979 2799 5026 L
3005 4981 3399 5040 septemtrionali
3425 4981 3482 5038 P,
3514 4987 3771 5041 sempten-

519 5068 717 5115 trionali
763 5068 818 5126 V,
858 5072 987 5127 sept.
1031 5067 1176 5127 plaga
1212 5067 1250 5115 8
1473 5064 1710 5133 amplam]
1746 5069 2104 5129 amplissimam
2140 5067 2278 5114 XYZ
2506 5063 2789 5133 scandzam]
2826 5065 3176 5128 HPVAXYZ,
3217 5079 3443 5114 scanzam
3482 5065 3583 5125 LS,
3625 5081 3769 5114 scan-

517 5153 643 5201 ziam
681 5140 765 5213 13⁶,
808 5153 1060 5200 scansiam
1097 5151 1170 5199 13⁴¹

693 5342 739 5403 1)
778 5341 848 5402 ef.
892 5342 1055 5390 Julius
1091 5342 1343 5391 Honorius
1373 5358 1427 5404 p.
1457 5346 1554 5390 691
1596 5342 1783 5391 Grem:
1838 5344 2038 5390 insulae
2079 5342 2351 5391 orientales
2387 5341 2572 5390 Oceani
2608 5357 2739 5405 quae
2775 5346 2896 5390 sunt
2931 5342 3251 5404 Hippopodes
3284 5342 3483 5405 insula,
3540 5344 3770 5391 Iannessi

517 5429 702 5488 insula,
746 5427 871 5476 Solia
907 5432 1112 5488 perusta
1148 5428 1331 5490 insula,
1373 5429 1665 5491 Taprobane
1700 5429 1884 5490 insula,
1928 5428 2269 5477 Silenfantine
2305 5430 2489 5490 insula,
2533 5429 2694 5477 Teron
2730 5429 2916 5477 insula.

687 5513 734 5575 2)
784 5513 988 5560 Orosius
1025 5518 1074 5576 1,
1115 5514 1164 5573 2,
1208 5516 1306 5561 16:
1343 5516 1510 5562 insula
1545 5514 1856 5576 Taprobane,
1898 5529 2027 5576 quae
2061 5515 2216 5564 habet
2248 5516 2421 5563 decem
2459 5517 2706 5564 civitates.

686 5600 733 5662 3)
785 5600 989 5649 Orosius
1027 5605 1073 5663 1,
1118 5602 1165 5659 2,
1208 5601 1309 5648 82:
1347 5600 1464 5648 huic
1506 5600 1810 5662 (Hiberniae)
1856 5601 2006 5649 etiam
2043 5600 2275 5649 Mevania
2317 5602 2509 5664 (evania
2545 5600 2686 5660 Bob.)
2729 5602 2900 5648 insula
2934 5599 3160 5661 proxima
3194 5604 3290 5649 est.

689 5686 738 5748 4)
788 5686 992 5734 Orosius
1027 5691 1076 5748 1,
1119 5688 1169 5746 2,
1213 5689 1307 5735 78.-
1365 5703 1393 5735 a
1442 5693 1580 5746 tergo
1633 5687 1931 5748 (Britannia)
1978 5723 1989 5735 .
2023 5724 2035 5736 .
2070 5722 2083 5735 .
2124 5687 2338 5736 Orcadas
2385 5688 2584 5736 insulas
2634 5687 2811 5746 habet,
2863 5700 3076 5747 quarum
3125 5686 3307 5746 viginti
3354 5685 3578 5734 desertae
3624 5690 3764 5747 sunt,

517 5773 752 5822 tredecim
788 5772 1037 5822 coluntur.

685 5859 734 5920 5)
784 5859 1023 5920 Vei-vilius
1059 5857 1232 5919 Gom-9.
1277 5864 1322 5928 1¹,
1365 5862 1452 5908 30.
