4882 6775
164 2090 172 2097 ·
257 2058 530 2111 :nass-vua
595 2034 958 2135 aij-fififflssus]

1114 486 1196 547 94
2556 479 2917 537 IORDANIS

835 669 1066 734 XXVI
1108 670 1175 735 in
1219 670 1392 736 bello
1438 670 1648 754 magis
1692 691 1884 754 quam
1925 671 1995 736 in
2038 670 2210 736 fame
2256 669 2552 751 deficere,
2605 677 2671 736 et
2712 670 2862 735 ilico
2906 670 2973 736 in
3018 670 3251 735 ducum
3288 669 3582 754 Lupicini
3614 670 3692 735 'et
3726 669 3991 735 Maximi
4035 678 4363 736 armantur

1105 773 1425 839 occisione
1446 776 1520 856 ¹).
1627 773 1747 838 illa
1802 794 2078 857 namque
2139 773 2280 839 dies
2326 773 2677 839 Gothorum
2735 773 2971 838 famem
3015 774 3566 856 Romanorumque
3626 772 4033 838 securitatem
4092 773 4353 855 ademit,

1106 882 1581 961 coeperuntque
1629 875 1823 941 Gothi
1866 876 1995 941 iam
2040 896 2167 941 non
2212 882 2283 940 ut
2327 876 2620 941 advenae
2664 882 2729 941 et
2769 875 3127 960 peregrini,
3197 876 3315 941 sed
3372 882 3444 940 ut
3487 874 3664 940 cives
3710 882 3775 941 et
3817 875 4057 940 domini
4104 895 4362 959 posses-

1105 979 1355 1044 soribus
1412 977 1732 1063 imperare
1790 985 2085 1062 totasque
2144 986 2362 1064 partes
2416 978 2948 1063 septentrionales
2993 997 3199 1061 usque
3241 978 3325 1043 ad
3371 977 3738 1043 Danubium
3786 997 3901 1043 suo
3943 978 4070 1042 iuri
4111 984 4352 1044 tenere.

941 1083 1061 1147 138
1107 1082 1278 1166 quod
1335 1081 1712 1166 conperiens
1768 1081 1838 1146 in
1883 1081 2226 1147 Antiochia
2270 1081 2513 1147 Valens
2571 1081 2919 1165 imperator
2977 1101 3126 1146 mox
3183 1088 3429 1146 armato
3487 1081 3769 1147 exercitu
3828 1080 3896 1145 in
3941 1080 4358 1146 Thraciarum

1103 1192 1321 1269 partes
1367 1184 1696 1266 egreditur
1710 1186 1792 1267 ²);
1847 1184 1958 1249 ubi
2003 1183 2399 1249 lacrimabile
2446 1184 2619 1250 bello
2666 1184 3004 1249 commisso
3048 1182 3451 1249 vincentibus
3483 1183 3712 1249 Gothis
3754 1183 3822 1247 in
3866 1183 4143 1266 quodam
4173 1204 4363 1268 prae-

1108 1287 1215 1352 dio
1258 1287 1442 1352 iuxta
1483 1286 1969 1371 Adrianopolim
1988 1289 2033 1369 ³)
2100 1286 2356 1351 saucius
2417 1286 2558 1371 ipse
2618 1285 2946 1369 refugiens
3002 1285 3575 1369 ignorantibusque
3594 1336 3608 1365 ,
3677 1286 3848 1369 quod
3903 1286 4246 1370 imperator
4294 1287 4362 1350 in

1107 1396 1241 1455 tam
1285 1389 1402 1454 vili
1448 1389 1674 1454 casula
1718 1388 2127 1468 delitisceret,
2184 1388 2433 1469 Gothis,
2489 1388 2853 1472 ignemque,
2907 1396 2977 1453 ut
3020 1389 3273 1455 adsolet
3316 1389 3647 1454 saeviente
3675 1388 3954 1472 inimico,
4006 1389 4354 1473 supposito,

1106 1512 1250 1557 cum
1296 1492 1503 1575 regali
1545 1512 1784 1577 pompa
1828 1500 2145 1557 crematus
2190 1495 2355 1575 est⁴)
2387 1544 2400 1575 ,
2469 1492 2626 1557 haut
2685 1511 2871 1557 secus
2931 1512 3121 1575 quam
3168 1491 3275 1557 dei
3319 1511 3579 1576 prorsus
3623 1491 3891 1571 iudicio,
3960 1498 4033 1556 ut
4075 1491 4158 1556 ab
4204 1491 4362 1575 ipsis

1104 1594 1242 1677 igni
1290 1594 1776 1674 conbureretur,
1831 1614 1990 1677 quos
2033 1595 2178 1679 ipse
2223 1615 2379 1660 vera
2424 1594 2553 1660 fide
2597 1594 2964 1679 petentibus
3009 1594 3074 1659 in
3117 1593 3389 1679 perfidia
3435 1594 3824 1660 declinasset
3865 1595 4209 1678 ignemque
4253 1612 4364 1657 ca-

1107 1697 1315 1762 ritatis
1371 1696 1457 1761 ad
1518 1696 1856 1781 gehennae
1900 1698 2115 1781 ignem
2162 1698 2537 1764 detorsisset
2554 1700 2598 1779 ⁵)
2615 1748 2629 1761 .
2722 1718 2847 1781 quo
2889 1704 3175 1782 tempore
3219 1695 3628 1781 vesegothae
3673 1696 3987 1762 Thracias
4030 1695 4360 1777 Daciaque

1109 1800 1367 1886 ripense
1416 1808 1559 1885 post
1605 1800 1769 1865 tanti
1815 1800 2021 1883 gloria
2065 1798 2314 1885 tropaei
2358 1808 2689 1882 tamquam
2733 1800 2940 1865 solum
2985 1800 3334 1883 genitalem
3376 1799 3563 1884 potiti
3606 1807 3953 1883 coeperunt
3994 1799 4296 1864 incolere.

685 1905 947 1971 XXVII
982 1905 1102 1968 139
1279 1902 1411 1967 Sed
1440 1903 1807 1968 Theodosio
1837 1904 1918 1968 ab
1952 1902 2196 1987 Spania
2226 1876 2601 1969 Gsratianuss<
2618 1902 2965 1987 imperator
3008 1904 3214 1968 electo
3260 1909 3326 1968 et
3367 1902 3434 1966 in
3479 1900 3775 1967 orientali
3819 1902 4179 1987 principatu
4223 1903 4361 1967 loco

267 1960 338 2015 ε)
373 1938 535 2037 [⁵4⁸
1105 2005 1399 2071 Valentis
1464 2004 1679 2089 patrui
1748 2005 2126 2088 subrogato,
2203 2004 2673 2087 militaremque
2740 2004 3147 2090 disciplinam
3207 2024 3355 2069 mox
3411 2004 3483 2068 in
3542 2004 3791 2070 meliori
3850 2012 4020 2070 statu
4077 2005 4362 2088 reposita

1280 2387 1335 2433 H
1359 2385 1400 2432 P
1432 2385 1537 2433 VL
1562 2386 1607 2433 A
1634 2385 1672 2433 S
1703 2385 1831 2446 (finit
1862 2384 1916 2433 11
1949 2385 2256 2441 detorsisset)
2294 2384 2336 2431 Ο
2361 2385 2404 2432 Β
2430 2385 2479 2431 Χ
2506 2384 2674 2445 (ΥΖ).

1285 2540 1307 2589 1
1348 2539 1610 2587 inductum
1646 2539 1692 2586 B
1900 2540 2181 2602 lupicinum
2223 2538 2283 2598 O,
2323 2538 2522 2599 lipicini
2561 2536 2635 2585 Β·ι
2843 2543 2896 2585 et
2930 2534 3160 2604 maximi]
3195 2538 3500 2599 maximique
3524 2539 3569 2584 A
3779 2536 3809 2585 2
3845 2535 4112 2605 occisione]
4149 2538 4246 2585 ΗΡ
4260 2538 4357 2601 VL,

1107 2628 1406 2675 occisionem
1440 2625 1551 2686 AY,
1608 2626 1862 2673 occasione
1899 2625 2004 2683 80,
2062 2624 2368 2673 occasionem
2406 2624 2503 2671 ΒΧ
2773 2623 2846 2671 illi
2883 2623 2934 2670 Χ
3206 2636 3618 2686 romanarumque
3656 2623 3705 2670 Χ
3977 2623 4058 2672 ad.
4105 2637 4264 2672 secur.
4317 2627 4361 2671 A

1108 2712 1138 2762 3
1177 2726 1277 2760 non
1313 2714 1411 2759 iam
1448 2713 1495 2759 A
1754 2716 1813 2758 ut
1847 2723 1942 2757 om.
1990 2710 2032 2757 Ο
2292 2711 2545 2772 peregrini
2582 2704 2694 2775 sed]
2727 2710 3006 2770 peregrinis
3042 2710 3088 2756 A
3347 2708 3379 2757 4
3416 2709 3479 2756 ad
3516 2710 3727 2756 nubium
3762 2707 3836 2756 Β·ι
4096 2723 4217 2757 suae
4252 2710 4295 2757 L

1106 2795 1231 2866 iuri]
1270 2798 1425 2860 HPL,
1465 2799 1578 2844 iure
1612 2796 1702 2843 rel.
1915 2796 1944 2844 5
1983 2794 2266 2843 anthiochia
2302 2794 2360 2855 P,
2403 2795 2653 2843 anthiocia
2687 2794 2775 2844 So
2997 2794 3346 2855 G-regreditur
3380 2796 3445 2855 A,
3486 2794 3767 2853 digreditur
3801 2793 3932 2842 8013
4139 2795 4361 2843 lacrima·

1107 2880 1230 2950 bile]
1269 2882 1431 2943 HPV,
1471 2882 1762 2930 lacrimabili
1798 2880 2127 2929 LASOBXY
2358 2883 2413 2928 in
2451 2881 2664 2942 quodam
2701 2876 2927 2947 praedio]
2962 2882 3016 2928 in
3053 2880 3299 2943 quoddam
3334 2880 3597 2943 praedium
3634 2881 3695 2940 A,
3738 2894 3834 2929 om.
3871 2880 3914 2927 L
4158 2880 4186 2926 7
4225 2894 4357 2929 saue.

1105 2972 1141 3018 i.
1185 2969 1292 3029 fug.
1331 2970 1478 3017 iuxta
1514 2967 1622 3016 adr.
1660 2966 1704 3014 L
1914 2963 2196 3033 refugiens]
2233 2965 2479 3027 SOBXY‚
2523 2967 2721 3026 fugiens
2758 2965 2992 3013 HPVLA
3202 2962 3323 3033 que]
3359 2980 3557 3028 quoque
3594 2965 3741 3027 8013,
3784 2979 3879 3015 om.
3909 2966 4011 3014 AY
4233 2967 4365 3028 quod

1107 3068 1203 3103 om.
1234 3052 1309 3100 Β·
1516 3055 1783 3114 imperator
1816 3066 1912 3102 om.
1942 3052 1986 3099 L
2196 3051 2226 3101 8
2264 3048 2596 3119 delitisceret]
2631 3052 2877 3113 HPVSO,
2920 3053 3241 3101 delitesceret
3275 3055 3367 3102 rel.
3579 3054 3797 3113 igneque
3821 3051 3918 3100 ΒΧ
3929 3053 3976 3113 Υ,
4020 3054 4227 3114 ignique
4252 3054 4296 3100 A

1109 3144 1166 3187 ut
1202 3152 1298 3187 om.
1342 3138 1384 3187 Ο
1625 3134 1796 3205 inim.]
1834 3140 1894 3186 ab
1931 3140 2071 3187 inim.
2115 3139 2160 3186 A
2403 3139 2718 3200 superposito
2756 3137 2801 3185 L
3062 3136 3093 3185 9
3132 3137 3296 3198 regale
3332 3138 3419 3187 SO
3662 3138 3788 3185 haut
3824 3135 3989 3205 secus]
4025 3138 4089 3186 ad
4124 3152 4269 3187 secus
4305 3138 4358 3197 8,

1106 3240 1202 3274 om.
1237 3224 1280 3273 Ο
1489 3221 1660 3291 quam]
1699 3224 1911 3285 quodam
1948 3223 1986 3271 S
2194 3237 2403 3287 prursus
2440 3221 2501 3284 P,
2540 3237 2742 3284 prossus
2783 3223 2826 3272 Ο
3036 3219 3118 3290 ut]
3153 3229 3239 3271 aut
3269 3223 3312 3270 V
3522 3223 3585 3272 10
3622 3224 3737 3285 igne
3762 3222 3897 3272 SOB
4104 3238 4229 3286 quas
4266 3223 4304 3271 S

1110 3325 1230 3359 uera
1264 3306 1385 3377 ilde]
1423 3310 1636 3374 HPVL,
1669 3324 1840 3358 ueram
1876 3311 2024 3359 fidem
2063 3307 2294 3358 ASOBX
2305 3309 2346 3356 Y
2590 3315 2823 3371 petentes
2860 3306 2956 3356 AB
3216 3305 3449 3376 perfidia]
3482 3308 3689 3372 HPVL,
3730 3311 3986 3371 perfidiam
4026 3309 4259 3358 ASOBX
4268 3310 4310 3357 Y

1106 3398 1409 3446 declinasset
1442 3412 1539 3446 om.
1581 3397 1623 3445 L
1853 3393 2147 3462 ignemque]
2183 3397 2483 3458 igenemque
2521 3394 2581 3458 L,
2622 3396 2790 3456 ignem
2829 3394 2929 3455 So,
2972 3398 3024 3443 et
3058 3396 3227 3456 ignem
3264 3396 3310 3443 B
3545 3395 3600 3445 11
3644 3397 3934 3446 detor-risset
3972 3396 4014 3445 Ο
4222 3411 4369 3446 neso-

1108 3484 1254 3545 gothe
1292 3483 1351 3545 L,
1394 3483 1640 3544 uegethae
1679 3482 1723 3530 Ο
1982 3484 2259 3544 traciasque
2295 3481 2404 3545 LO,
2451 3481 2686 3530 thraciam
2724 3482 2770 3529 A
3027 3482 3265 3543 daciaque
3300 3478 3526 3548 ripense]
3563 3481 3723 3543 HPV,
3764 3482 4026 3543 daciasque
4062 3482 4264 3544 ripense
4302 3480 4363 3538 L,

1106 3569 1397 3631 daciamque
1439 3569 1722 3631 (datamque
1762 3570 1821 3632 O)
1863 3570 2116 3631 ripensem
2153 3567 2401 3616 AOBXY
2641 3566 2702 3616 12
2734 3571 2849 3628 post
2883 3567 3085 3629 ripense
3123 3570 3218 3617 ins.
3258 3569 3405 3630 potiti
3439 3581 3528 3615 suo
3563 3568 3668 3616 loco
3705 3580 3800 3617 om.
3845 3567 3887 3615 L
4127 3581 4215 3629 pos
4257 3567 4299 3615 Ο

1108 3660 1298 3704 tantam
1336 3655 1389 3702 Χ
1613 3651 1790 3722 gloria]
1827 3653 1990 3714 HPV,
2030 3655 2237 3715 gloriam
2272 3652 2564 3701 LAOBXY
2786 3649 2998 3718 tropaei]
3034 3654 3277 3715 triumphi
3312 3654 3414 3701 AY
3649 3653 3751 3702 solo
3787 3654 3997 3714 genitali
4036 3654 4175 3702 ΟΒΧ
4186 3654 4234 3716 Υ,
4276 3654 4368 3702 soli

1108 3741 1317 3801 genitali
1353 3741 1400 3788 A
1644 3739 1705 3789 13
1743 3741 2057 3789 theodosium
2096 3736 2157 3799 Β,
2200 3741 2450 3788 theosium
2492 3738 2535 3787 Ο
2776 3740 2838 3787 ab
2876 3740 3054 3800 spania
3095 3738 3342 3802 (hispania
3376 3738 3474 3786 ΒΧ
3483 3739 3544 3801 Y)
3589 3753 3686 3788 om.
3729 3742 3774 3787 A
4014 3741 4235 3800 gratiano
4270 3741 4364 3786 im-

1108 3831 1336 3889 peratore
1372 3825 1480 3888 ΧΖ,
1525 3840 1553 3873 a
1587 3827 1813 3887 graciano
1849 3828 2144 3887 imperatore
2194 3825 2242 3886 Y,
2285 3840 2313 3872 a
2349 3826 2577 3885 graciano
2613 3825 2658 3872 A
2865 3825 3081 3873 electum
3105 3822 3167 3884 B,
3209 3824 3414 3873 elictum
3443 3824 3486 3872 Ο
3694 3832 3745 3874 et
3779 3838 3874 3873 om.
3910 3825 3999 3874 OB
4207 3827 4369 3873 orien-

1107 3912 1262 3960 talem
1297 3913 1638 3974 principatum
1676 3913 1722 3959 A
2017 3909 2078 3959 14
2117 3912 2341 3970 subrogit
2380 3910 2439 3969 O,
2498 3910 2730 3970 subrogat
2763 3910 2825 3969 Β,
2879 3911 3199 3970 subrogatum
3235 3910 3280 3957 A
3557 3911 3866 3972 militarique
3903 3911 4169 3972 disciplina
4204 3911 4299 3959 AB

1107 3999 1166 4046 in
1201 3998 1394 4046 meliori
1431 3993 1589 4064 statu]
1623 3997 1927 4045 humiliatori
1967 4002 2133 4044 statue
2174 3996 2234 4055 Ο,
2273 3997 2329 4043 in
2365 3996 2622 4043 meliorem
2660 4000 2843 4043 statum
2880 3996 2926 4042 A
3134 3996 3401 4056 repositam
3439 3996 3490 4043 Χ
3499 3991 3603 4042 Yz·

1286 4304 1333 4364 1)
1374 4306 1677 4354 Ammianus
1711 4306 1799 4367 31,
1842 4307 1893 4363 5,
1934 4309 1999 4355 5.·
2059 4305 2276 4354 Alavivo
2312 4310 2364 4352 et
2399 4304 2679 4365 Fritigerno
2716 4305 2775 4353 ad
2815 4306 3102 4353 convivium
3137 4305 3413 4365 conrogatis
3449 4305 3728 4367 Lupicinus
3768 4339 3782 4354 .
3813 4341 3824 4353 .
3861 4343 3871 4354 .
3903 4342 3914 4353 .
3956 4307 3988 4352 6
4027 4305 4146 4353 dum
4183 4307 4240 4353 iu
4275 4318 4366 4353 ne·—

1107 4391 1266 4452 potali
1301 4404 1476 4440 mensa
1512 4391 1720 4439 ludicris
1757 4393 2175 4453 concrepantibus
2210 4390 2298 4438 diu
2335 4391 2659 4439 discumbens
2694 4393 2811 4438 vino
2846 4391 3096 4438 marcebat
3130 4396 3185 4438 et
3219 4403 3418 4450 somno,
3463 4425 3476 4438 .
3510 4424 3525 4439 .
3556 4425 3570 4439 .
3613 4391 3856 4438 satellites
3893 4403 4096 4451 omnes,
4148 4391 4238 4452 qui
4279 4404 4369 4452 pro

1110 4477 1355 4537 praetorio
1390 4477 1594 4526 honoris
1630 4481 1684 4524 et
1719 4476 1910 4525 tutelae
1944 4490 2089 4525 causa
2124 4476 2276 4524 duces
2313 4476 2758 4539 praestolabantur,
2801 4476 3000 4524 occidit.
3076 4477 3107 4523 7
3126 4491 3142 4520 .·
3179 4475 3372 4537 hocque
3410 4476 3626 4537 populus
3663 4477 3752 4537 qui
3788 4489 3955 4524 muros
3992 4476 4253 4525 obsidebat
4281 4476 4370 4524 do·

1108 4561 1272 4610 lenter
1308 4566 1510 4622 accepto
1546 4561 1607 4609 ad
1643 4561 1917 4610 vindictam
1954 4561 2272 4610 detentorum
2309 4575 2484 4621 regum
2523 4597 2537 4610 .
2570 4596 2583 4609 .
2615 4596 2630 4611 .
2669 4562 2828 4609 multa
2863 4562 3151 4609 minabatur
3185 4566 3239 4608 et
3272 4574 3435 4610 saeva.
3512 4566 3670 4622 utque
3718 4566 3825 4609 erat
3856 4560 4173 4621 Fritigernus
4214 4575 4371 4624 expe-

1111 4646 1214 4694 diti
1244 4648 1464 4707 consilii,
1508 4647 1701 4695 veritus
1736 4661 1803 4695 ne
1837 4652 2098 4696 teneretur
2132 4647 2324 4696 obsidis
2360 4648 2470 4694 vice
2507 4660 2621 4694 cum
2656 4647 2853 4708 ceteris,
2895 4648 3192 4694 exclamavit
3226 4647 3450 4706 graviore
3485 4646 3815 4708 pugnandum
3849 4647 4024 4706 exitio,
4066 4648 4122 4694 ni
4156 4649 4271 4710 ipse
4305 4648 4369 4694 ad

1108 4733 1401 4781 leniendum
1452 4734 1631 4794 vulgus
1679 4733 1932 4781 sineretur
1980 4733 2119 4780 exire
2167 4747 2280 4781 cum
2331 4734 2482 4782 sociis
2498 4769 2511 4795 ,
2565 4732 2697 4794 quod
2742 4733 3040 4780 arbitratum
3089 4733 3424 4780 humanitatis
3474 4733 3642 4795 specie
3678 4732 3906 4781 ductores
3943 4744 4060 4781 suos
4096 4733 4278 4780 occisos
4311 4734 4373 4780 in

1111 4819 1387 4866 tumultum
1423 4820 1630 4868 exarsit.
1689 4818 1881 4881 hocque
1915 4821 2169 4881 inpetrato
2205 4819 2394 4879 egressi
2429 4832 2603 4867 omnes
2638 4820 2941 4881 exceptique
2976 4832 3092 4866 cum
3127 4819 3310 4880 plausu
3347 4822 3400 4867 et
3435 4818 3637 4878 gaudiis
3672 4820 3893 4867 ascensis
3928 4820 4074 4880 equis
4108 4818 4372 4867 evolarunt

1118 4904 1303 4952 moturi
1337 4906 1663 4953 incitamenta
1697 4906 2004 4955 diversorum
2039 4905 2301 4955 bellorum.

1284 4988 1333 5052 2)
1376 4991 1673 5039 Ammianus
1706 4993 1791 5053 31,
1837 4996 1921 5051 11,
1966 4996 1990 5039 1
2011 5007 2028 5037 .·
2065 4992 2255 5041 Valens
2292 4990 2499 5039 tandem
2535 4992 2735 5038 excitus
2769 4988 3039 5038 Antiochia
3078 5025 3090 5037 .
3123 5024 3137 5038 .
3168 5023 3182 5039 .
3224 4990 3364 5037 venit
3399 4988 3906 5051 Constantinopolim.

1284 5074 1331 5138 3)
1376 5077 1671 5125 Ammianus
1706 5078 1792 5136 31,
1838 5078 1919 5137 19,
1962 5078 2062 5125 10.-
2109 5080 2255 5138 signa
2293 5114 2305 5126 .
2339 5111 2353 5126 .
2386 5114 2397 5127 .
2441 5082 2814 5125 commoventur
2859 5076 3240 5137 impedimentis
3276 5082 3330 5123 et
3364 5076 3575 5123 sarcinis
3611 5088 3762 5138 prope
3799 5075 4218 5137 Hadrianopoleos
4251 5089 4369 5123 mu-

1111 5174 1193 5209 ros
1234 5196 1247 5209 .
1281 5197 1293 5209 .
1327 5197 1339 5209 .
1381 5162 1664 5211 conlocatis.

1283 5247 1333 5308 4)
1386 5247 1546 5295 Victor
1580 5250 1694 5308 epit.
1736 5249 1801 5294 46
1819 5263 1834 5292 .·
1872 5247 1953 5295 hic
1981 5247 2168 5296 Valens
2203 5261 2316 5296 cum
2351 5246 2534 5296 Gothis
2571 5247 2875 5296 lacrimabili
2912 5247 3041 5295 bello
3076 5248 3334 5296 commisso
3370 5246 3570 5306 sagittis
3606 5247 3808 5294 nucius
3842 5248 3899 5295 in
3936 5259 4048 5295 casa
4083 5247 4373 5308 deportatur

1112 5334 1386 5392 vilissima,
1443 5335 1532 5381 ubi
1581 5334 2054 5394 supervenientibus
2092 5333 2268 5382 Gothis
2302 5335 2524 5394 igneque
2561 5334 2820 5395 supposito
2854 5334 3092 5382 incendio
3126 5337 3465 5382 concrematus
3502 5337 3597 5381 est.
3671 5331 3743 5391 ef.
3784 5332 4121 5394 Hieronymus
4156 5348 4204 5381 o.
4246 5332 4364 5382 Abr.

1113 5421 1272 5468 2395.
1339 5419 1547 5468 Orosius
1575 5421 1622 5479 7,
1652 5420 1741 5477 33,
1771 5421 1857 5468 15.
1921 5419 2217 5466 Ammianus
2241 5419 2328 5478 31,
2360 5420 2441 5478 13,
2475 5420 2573 5466 12:
2610 5419 2878 5480 imperator
2917 5455 2929 5467 .
2961 5455 2974 5468 .
3007 5455 3019 5467 .
3061 5420 3245 5478 sagitta
3279 5418 3559 5479 perniciose
3596 5419 3799 5466 saucius
3832 5419 3936 5466 ruit
3974 5454 3986 5466 .
4020 5455 4033 5467 .
4064 5454 4077 5467 .
4158 5422 4253 5466 u.-
4291 5418 4373 5466 di-

1111 5510 1234 5553 cunt
1268 5504 1533 5552 Valentem
1570 5540 1582 5552 .
1619 5541 1630 5554 .
1661 5539 1674 5553 .
1717 5518 1830 5552 cum
1867 5504 2147 5552 candidatis
2184 5510 2235 5552 et
2271 5504 2577 5565 spadonibus
2612 5506 2786 5565 paucis
2821 5517 2973 5567 prope
3009 5504 3070 5552 ad
3106 5509 3350 5565 agrestem
3387 5516 3551 5551 casam
3588 5503 3802 5552 relatum
3842 5540 3855 5553 .
3887 5540 3900 5552 .
3932 5541 3945 5555 .
3986 5505 4372 5552 circumsessum

1113 5591 1175 5638 ab
1210 5589 1458 5650 hostibus,
1498 5590 1590 5651 qui
1628 5595 1763 5638 esset
1796 5590 2155 5650 ignorantibus,
2199 5589 2437 5638 dedecore
2476 5591 2782 5652 captivitatis
2819 5595 3131 5652 exemptum.

1288 5675 1335 5735 5)
1382 5674 1585 5723 Orosius
1623 5677 1684 5734 7,
1724 5677 1810 5735 33,
1856 5678 1919 5724 19
1953 5680 2062 5735 post
2097 5676 2245 5724 verba
2281 5690 2435 5736 supro
2468 5691 2521 5737 p.
2564 5678 2631 5724 92
2664 5680 2767 5725 not.
2811 5677 2843 5723 2>
2878 5677 3067 5724 allata:
3118 5677 3293 5738 itaque
3339 5676 3475 5723 iusto
3524 5675 3709 5723 iudicio
3758 5675 3841 5722 dei
3889 5676 3987 5738 ipsi
4035 5688 4150 5724 eum
4198 5676 4374 5723 vivum

1113 5760 1464 5821 incenderunt,
1507 5762 1594 5822 qui
1629 5767 1831 5822 propter
1866 5774 1981 5808 eum
2020 5762 2174 5809 etiam
2210 5763 2395 5810 mortui
2431 5762 2555 5809 vitio
2590 5765 2767 5810 erroris
2805 5763 2968 5810 arsuri
3004 5767 3141 5811 sunt.
3216 5760 3286 5822 cf.
3328 5761 3552 5809 Isidorus
3587 5761 3699 5809 hist.
3747 5759 3887 5809 Goth.
3926 5761 3993 5809 od
4027 5774 4161 5809 eram
4197 5764 4313 5810 416.

4403 1613 4461 1653 10
