4882 6775
1912 492 2370 548 PROOEMIVM.
3521 493 3770 557 XXXV

523 718 749 806 ἱστορία
782 714 1120 804 Βυζαντική
1167 718 1549 784 inscribatur
1593 726 1706 784 aut
1740 714 2029 803 Γοτο1κή;
2088 718 2420 801 probabile
2467 724 2682 783 autem
2728 724 2826 783 est
2871 718 2975 783 vel
3019 717 3085 782 in
3117 718 3256 803 ipso
3285 717 3500 782 indice
3531 717 3771 782 Attilae

518 861 662 905 eum
710 860 939 905 nomen
985 839 1299 923 posuisse,
1353 859 1494 903 cum
1540 839 1700 904 satis
1746 846 1992 904 constet
2035 839 2322 904 Priscum
2367 846 2432 904 et
2475 839 2558 903 ab
2589 838 2790 903 Attila
2832 838 3152 920 incepisse
3199 844 3264 905 et
3306 836 3586 903 maxime
3632 838 3773 903 ela-

516 962 778 1027 borasse
824 961 891 1024 in
937 958 1338 1044 explicandis
1384 961 1575 1025 rebus
1620 960 1829 1043 regis,
1897 959 1982 1025 ad
2027 979 2214 1043 quem
2275 959 2413 1044 ipse
2475 979 2537 1023 a.
2598 961 2721 1023 448
2769 959 2934 1024 inter
2983 958 3233 1042 legatos
3285 958 3402 1024 ivit
3453 978 3769 1041 quemque

516 1086 774 1166 propter
833 1100 977 1145 eum
1039 1081 1241 1145 solnm
1301 1078 1393 1145 ita
1451 1080 1780 1163 novimus,
1849 1086 1920 1146 ut
1974 1100 2055 1146 ex
2114 1100 2328 1145 eorum
2384 1080 2784 1146 saeculorum
2830 1079 2986 1143 viris
3031 1100 3157 1144 non
3208 1079 3513 1144 Romanis
3567 1079 3768 1143 solius

516 1200 755 1266 Attilae
800 1200 1019 1265 vivida
1062 1201 1276 1282 imago
1322 1198 1510 1265 hodie
1557 1200 1855 1284 supersit.
1940 1200 2319 1285 perveniunt
2362 1201 2564 1265 Prisci
2610 1200 2972 1282 fragmenta
3014 1200 3100 1264 ad
3145 1220 3205 1264 a.
3246 1204 3362 1262 471
3417 1199 3772 1284 probabili-

515 1330 735 1405 terque
784 1327 1070 1385 statuunt
1114 1320 1232 1385 viri
1279 1319 1449 1385 docti
1494 1341 1638 1386 eum
1685 1320 2047 1386 substitisse
2094 1322 2179 1385 ad
2224 1342 2285 1385 a.
2337 1323 2497 1403 472,
2553 1340 2693 1385 cum
2743 1320 3035 1385 Malchus
3079 1319 3346 1405 incipiat
3387 1341 3429 1384 a
3473 1318 3768 1402 sequenti

520 1442 752 1506 Leonis
798 1440 1200 1523 imperatoris
1246 1441 1516 1524 septimo
1562 1439 1811 1506 decimo
1869 1442 2158 1524 (Mueller
2200 1441 2324 1506 vol.
2379 1446 2414 1503 4
2466 1461 2531 1524 p.
2571 1444 2705 1523 69).
2777 1479 2862 1487 -
2929 1440 3391 1525 Priscianorum
3437 1439 3767 1523 egregiam

522 1569 765 1646 partem
812 1560 1120 1625 Iordanes
1167 1560 1446 1625 servavit
1489 1560 1738 1626 duobus
1786 1561 1962 1643 lociS,
2025 1562 2273 1627 scilicet
2317 1560 2621 1626 historiae
2666 1561 3174 1645 vesegotharum
3221 1561 3491 1626 inseruit
3533 1559 3770 1626 indolis

514 1683 752 1747 Attilae
811 1680 1362 1747 adumbrationem
1421 1687 1484 1745 et
1545 1680 2018 1765 expeditionum
2081 1681 2350 1748 duarum
2410 1681 2477 1746 in
2525 1681 2806 1747 Galliam
2853 1690 3293 1767 susceptarum
3340 1681 3764 1746 narrationem

515 1826 556 1867 a
600 1823 653 1867 c.
710 1808 813 1884 34,
875 1803 991 1864 178
1038 1801 1122 1865 ad
1167 1821 1225 1865 c.
1278 1805 1358 1865 43
1390 1808 1589 1884 extr.,
1654 1800 2179 1885 ostrogotharum
2226 1809 2438 1869 autem
2488 1804 2677 1868 rebus
2721 1823 2761 1867 a
2807 1823 2862 1867 c.
2913 1806 3017 1885 49,
3072 1806 3194 1866 254
3242 1801 3327 1867 ad
3373 1822 3430 1866 c.
3482 1806 3586 1882 50,
3641 1804 3764 1864 263

512 1922 891 2007 interposuit
933 1922 1357 1987 narrationem
1405 1921 1486 1986 de
1532 1928 1730 1987 morte
1760 1923 2000 1988 Attilae
2046 1930 2111 1989 et
2155 1924 2512 2007 sepultura,
2563 1924 2714 1989 item
2763 1922 2843 1988 de
2889 1922 3305 1988 dissolutione
3334 1921 3591 2006 imperii
3623 1929 3769 2005 post

510 2043 714 2128 ipsius
768 2042 1009 2108 obitum
1029 2045 1134 2125 65).
1228 2042 1558 2124 utriusque
1605 2043 1728 2106 loci
1773 2043 2086 2127 principio
2117 2044 2372 2109 Priscus
2417 2044 2671 2109 nomine
2716 2044 2947 2109 citatur
2991 2042 3418 2126 exordiaque,
3483 2042 3762 2106 maxime

512 2163 775 2248 prioris,
843 2164 1019 2227 nullo
1065 2163 1252 2228 modo
1313 2182 1463 2227 cum·
1516 2163 2049 2246 praecedentibus
2096 2141 2594 2247 coniunguntur,
2662 2164 2780 2229 sed
2824 2165 3020 2249 plane
3066 2166 3341 2248 abrupta
3385 2163 3759 2248 procedunt.

510 2284 659 2349 item
708 2284 1185 2367 distinguuntur
1231 2284 1357 2348 duo
1402 2283 1526 2348 loci
1569 2290 1967 2367 argumentO,
2027 2286 2194 2368 quod
2241 2293 2439 2351 totum
2487 2285 2755 2351 vertitur
2799 2285 2864 2350 in
2908 2285 3211 2350 Attilanis
3256 2292 3321 2350 et
3364 2284 3537 2367 regis
3582 2284 3764 2347 Hun-

511 2424 735 2469 norum
781 2404 1060 2469 indolem
1106 2410 1171 2468 et
1214 2423 1315 2467 res
1359 2410 1578 2486 gestas
1627 2405 1798 2469 solas
1836 2405 2113 2489 respicit,
2169 2412 2236 2471 ut
2264 2406 2439 2491 apud
2469 2406 2807 2471 Iordanem
2839 2426 3046 2488 neque
3080 2404 3160 2470 de
3190 2405 3392 2471 Attila
3420 2405 3759 2488 quicquam

511 2525 796 2607 legatur,
849 2525 1020 2608 quod
1065 2544 1189 2588 non
1236 2524 1318 2589 sit
1362 2524 1596 2607 Prisci,
1649 2545 1857 2607 neque
1903 2526 2243 2608 quicquam
2290 2526 2530 2611 Prisci,
2584 2525 2754 2608 quod
2799 2547 2924 2590 non
2971 2525 3054 2590 sit
3099 2546 3240 2590 cum
3286 2525 3525 2591 Attilae
3570 2525 3764 2589 rebus

510 2645 937 2710 coniunctum.
1017 2644 1133 2709 sed
1178 2644 1455 2710 omnium
1502 2645 1779 2710 maxime
1824 2646 2038 2730 capita
2085 2647 2243 2712 haec
2292 2647 2630 2729 distinguit
2676 2647 2932 2732 propria
2974 2646 3276 2711 nobilitas
3320 2653 3386 2711 et
3429 2644 3758 2740 egregium

510 2765 838 2851 scriptoris
883 2765 1208 2849 ingenium
1255 2785 1331 2829 eo
1376 2765 1586 2848 magis
1632 2765 1946 2849 iusignia,
2008 2766 2179 2850 quod
2223 2775 2547 2850 tamquam
2596 2766 2770 2833 faces
2815 2787 2850 2832 e
2895 2766 3179 2832 tenebris
3223 2766 3556 2832 Prisciana
3600 2764 3762 2829 haec

509 2888 787 2953 emicant
831 2907 909 2952 ex
957 2885 1361 2951 Iordanianis
1406 2893 1470 2952 et
1513 2887 1653 2951 luce
1699 2886 1955 2970 quidem
2003 2888 2111 2952 vix
2157 2895 2500 2954 temerata:
2566 2909 2714 2953 narn
2758 2888 2926 2954 inter
2969 2888 3300 2953 Prisciana
3344 2888 3549 2968 locos,
3601 2905 3763 2969 quos

508 3008 837 3092 probabile
884 3008 966 3072 sit
999 3007 1333 3072 Iordanem
1379 3007 1640 3072 aliunde
1688 3007 2061 3088 adscivisse,
2117 3029 2243 3072 non
2286 3008 2541 3093 repperi
2585 3008 2709 3072 nisi
2754 3015 2885 3074 tres
2902 3011 3005 3093 ⁶⁶),
3058 3009 3330 3093 primum
3369 3027 3426 3071 c.
3464 3012 3567 3085 40,
3608 3009 3755 3088 209,

505 3129 613 3194 ubi
661 3128 963 3193 victoriae
1008 3127 1303 3193 meritum
1349 3126 1414 3192 in
1462 3127 1705 3211 proelio
1750 3127 1818 3191 in
1865 3127 2110 3212 campis
2143 3128 2580 3194 Catalaunicis
2625 3129 2868 3213 pariter
2910 3136 3104 3212 atque
3149 3128 3215 3193 in
3261 3127 3557 3193 chronico
3598 3125 3760 3190 Cas-

506 3249 866 3314 siodoriano
919 3249 1089 3313 male
1147 3248 1233 3313 ad
1279 3248 1521 3314 Gothos
1580 3248 1885 3331 trahitur,
1954 3249 2223 3313 alterum
2284 3248 2365 3315 de
2425 3269 2638 3334 papae
2683 3249 2921 3314 Leonis
2980 3249 3065 3314 ad
3109 3248 3374 3314 Attilam
3437 3246 3759 3330 legatione

504 3393 563 3437 c.
614 3374 719 3451 42,
774 3371 897 3435 223
950 3390 1030 3435 ex
1076 3369 1373 3454 Prosperi
1429 3368 1724 3435 chronico
1782 3375 2074 3452 auctum,
2140 3368 2397 3436 tertium
2458 3370 2541 3436 de
2600 3370 2800 3437 caede
2847 3370 3088 3437 Bledae
3134 3392 3192 3436 e.
3245 3372 3348 3452 35,
3409 3371 3565 3451 181,
3631 3386 3757 3432 non

502 3499 634 3558 tam
681 3491 854 3573 quod
898 3490 1039 3555 eius
1084 3496 1417 3574 praeterea
1461 3489 1582 3555 soli
1628 3491 1897 3555 annales
1936 3491 2203 3556 Romani
2248 3492 2672 3558 meminerunt
2715 3512 2907 3574 quarn
2953 3491 3127 3575 quod
3172 3489 3490 3556 sententia
3534 3487 3758 3553 addita

512 3613 818 3677 ‘librante
862 3610 1112 3676 iustitia
1155 3610 1523 3675 detestabili
1570 3609 1852 3675 remedio
1898 3620 2287 3678 crescentem
2335 3612 2657 3678 deformes
2704 3612 2917 3678 exitus
2961 3611 3310 3678 invenisse'
3362 3610 3560 3674 Prisci
3605 3629 3756 3691 gra-

501 3733 687 3798 vitati
745 3738 811 3797 et
869 3731 1262 3816 simplicitati
1323 3751 1545 3815 parum
1607 3731 1925 3796 convenit.
2040 3753 2246 3816 neque
2307 3734 2478 3798 enim
2539 3740 2831 3799 auctores
2890 3740 3021 3799 tam
3082 3732 3431 3797 dissimiles
3491 3729 3756 3813 cogitari

503 3859 769 3938 possunt
812 3872 1003 3934 quam
1051 3851 1149 3916 sui
1196 3850 1532 3915 dissimilis
1578 3858 1677 3916 est
1721 3851 2059 3934 Iordanes,
2127 3847 2374 3919 scilicet
2431 3854 2721 3937 vulgaris
2767 3861 2831 3920 et
2875 3853 3267 3918 Priscianus.
3358 3852 3496 3915 illic
3541 3850 3757 3914 omnia

500 3974 700 4039 exilia
742 3971 989 4037 hiantia
1032 3970 1344 4037 tumentia
1391 3973 1611 4038 luxata
1656 3973 1927 4038 obscura
1972 3972 2388 4058 interpolata:
2445 3975 2550 4039 hic
2595 3974 2877 4040 narratio
2921 3980 3090 4040 recte
3120 3980 3185 4039 et
3214 3973 3408 4058 plane
3440 3970 3750 4056 procedit.

501 4094 985 4179 interponuntur
1029 4092 1347 4157 orationes
1393 4092 1756 4176 similiaque
1814 4094 1896 4177 (p.
1959 4097 2095 4176 107,
2150 4098 2211 4158 3.
2271 4099 2410 4178 110,
2471 4098 2571 4159 12.
2631 4099 2771 4178 124,
2832 4099 2958 4178 13),
3016 4095 3248 4177 quibus
3294 4113 3503 4158 rerum
3550 4098 3754 4158 status

499 4214 737 4300 optime
783 4213 1142 4298 explicatur
1186 4220 1251 4278 et
1294 4233 1568 4296 magnae
1614 4232 1718 4277 res
1764 4213 2085 4295 condigna
2127 4216 2447 4298 gravitate
2491 4216 2927 4297 illustrantur,
2995 4222 3065 4281 ut
3124 4214 3621 4299 pulcherrimum
3669 4212 3749 4277 de

496 4335 700 4399 Attila
744 4342 988 4398 mortuo
1034 4354 1291 4399 carmen
1336 4353 1556 4399 omnes
1600 4333 1954 4399 Alexandri
1997 4335 2402 4401 laudationes
2449 4337 2638 4420 longe
2687 4343 2833 4420 post
2889 4356 2959 4402 se
3006 4335 3326 4418 relinquit.
3426 4333 3748 4398 variorum

501 4455 875 4539 populorum
920 4454 1343 4540 proprietates
1381 4461 1550 4519 recte
1582 4454 2061 4537 distinguuntur
2088 4455 2516 4539 notabilisque
2548 4463 2647 4523 est
2676 4459 2856 4523 locus
2890 4477 2953 4539 p.
2993 4459 3138 4539 125,
3178 4459 3258 4518 20
3307 4454 3388 4520 (18
3433 4473 3750 4519 armorum

499 4574 894 4641 diversitate.
987 4574 1277 4640 homines
1323 4574 1757 4659 depinguntur
1800 4575 1884 4640 ad
1930 4575 2126 4640 vitam
2174 4582 2239 4641 et
2281 4597 2501 4641 verum
2569 4580 2650 4662 (p.
2711 4582 2849 4658 105,
2909 4582 3009 4641 15.
3084 4581 3224 4658 110,
3283 4581 3339 4640 1.
3414 4578 3554 4658 123,
3616 4576 3742 4656 18),

501 4715 736 4760 causae
782 4715 991 4760 rerum
1037 4695 1442 4777 rationesque
1487 4702 1551 4761 et
1595 4694 1796 4779 perite
1842 4695 2204 4762 indicantur
2248 4704 2313 4762 et
2357 4698 2695 4780 religiose,
2749 4705 2818 4763 ut
2861 4697 3016 4781 quid
3060 4697 3124 4762 in
3171 4697 3532 4762 coniectura
3575 4695 3753 4779 posi-

497 4823 629 4881 tum
677 4815 779 4897 sit,
832 4836 958 4881 non
1000 4821 1291 4880 taceatur
1344 4815 1453 4898 (ita
1498 4815 1578 4879 de
1624 4816 1865 4881 Attilae
1912 4816 2183 4881 militum
2229 4838 2493 4882 numero
2540 4839 2604 4902 p.
2663 4822 2803 4900 105,
2850 4822 2947 4901 12,
3001 4817 3081 4883 (18
3126 4839 3290 4902 pyra
3335 4838 3399 4902 p.
3456 4819 3596 4898 112,
3644 4820 3742 4900 19,

498 4937 579 5001 de
625 4937 907 5001 Honoria
951 4958 1015 5020 p.
1076 4942 1216 5017 115,
1275 4940 1404 5019 11).
1498 4955 1707 5000 sermo
1754 4957 2005 5019 quoque
2051 4943 2221 5003 totus
2267 4937 2503 5002 differt.
2598 4939 2957 5004 sententiae
3015 4937 3535 5022 interponuntur,
3603 4937 3749 5003 rhe-
3844 4910 3846 4912 ι

496 5057 648 5122 toris
711 5076 900 5140 sane,
976 5077 1163 5140 quem
1224 5057 1429 5121 locum
1486 5056 1770 5121 Priscum
1832 5057 2117 5123 tenuisse
2177 5058 2482 5141 traditur,
2553 5058 2724 5124 iusto
2790 5059 3256 5141 frequentiores
3316 5080 3434 5124 nec
3494 5078 3749 5142 semper

672 5389 753 5452 65)
798 5389 1026 5437 Fortasse
1062 5389 1285 5468 quae-de
1324 5389 1441 5436 sslils
1477 5389 1668 5438 Attilae
1705 5391 1938 5438 Iordanes
1975 5391 2127 5438 habet
2162 5404 2203 5438 c.
2249 5389 2331 5450 50,
2375 5389 2494 5440 266.
2547 5391 2631 5451 53,
2673 5389 2771 5440 272
2815 5391 2895 5452 (cs.
2939 5389 3020 5453 52,
3064 5390 3216 5454 268),
3263 5392 3385 5439 item
3423 5391 3484 5437 ad
3523 5390 3746 5438 Priscum

496 5473 738 5536 redeunt,
794 5489 906 5522 cum
943 5477 1237 5536 praesertim
1275 5476 1325 5522 ln
1366 5475 1635 5523 Priscianis
1672 5479 1922 5539 excerptis
1959 5477 2074 5526 aliis
2111 5477 2343 5525 similiter
2379 5484 2530 5538 atque
2566 5478 2696 5540 apud
2734 5477 2994 5525 Iordanem
3034 5477 3298 5537 Dlngizieh
3340 5477 3572 5524 Romanis
3611 5477 3744 5523 inse-

495 5564 606 5608 stus
654 5566 919 5623 appareat,
974 5561 1169 5609 Ernsch
1220 5563 1376 5618 magis
1412 5564 1618 5611 amicus.
1698 5565 1749 5611 111
1787 5565 2075 5611 enarrandis
2115 5565 2260 5611 rebus
2298 5563 2556 5612 Moesiacis
2593 5571 2644 5611 et
2681 5565 2931 5611 Thraciris
2968 5570 3080 5624 post
3116 5564 3303 5612 Attilae
3339 5577 3601 5612 excessum
3643 5563 3747 5610 lor-

493 5646 647 5694 danes
684 5647 837 5694 relata
872 5648 1003 5708 apud
1042 5648 1262 5695 Priscum
1299 5655 1352 5696 et
1388 5650 1483 5696 sibi
1522 5650 1621 5709 ipsi
1662 5650 1766 5697 visa
1801 5656 1854 5697 et
1890 5650 2062 5698 audita
2098 5651 2516 5697 contaminavisse
2553 5651 2767 5699 videtur.

667 5733 751 5794 66)
792 5734 1051 5782 Accedunt
1086 5733 1167 5781 his
1204 5734 1395 5782 minora
1429 5735 1601 5783 studio
1627 5735 1833 5782 Gothico
1871 5737 2036 5783 fucata
2074 5750 2132 5783 ea
2168 5750 2293 5796 quae
2333 5751 2444 5783 mox
2485 5742 2930 5794 conmemorantur,
2975 5737 3092 5783 item
3119 5737 3394 5784 Ablabiana
3430 5750 3489 5784 88
3524 5737 3585 5783 (18
3621 5737 3741 5798 qui-

495 5820 588 5868 bus
625 5821 790 5880 agitur
826 5835 876 5882 p.
920 5821 1162 5870 XXXIX.

3251 5941 3282 5977 e
3305 5926 3328 5954 β
