4882 6775
1114 456 1196 517 92
2562 451 2924 508 IORDANIS

851 642 1071 707 XXIV
1116 644 1287 708 neris
1366 644 1582 709 dolore
1655 665 1845 726 quam
1919 644 2112 709 etiam
2169 644 2544 707 Hunnorum
2618 642 3089 707 incursionibus
3146 662 3270 707 non
3328 641 3541 706 ferens
3600 640 3966 724 grandevus
4025 649 4090 706 et
4140 641 4372 725 plenus

713 1053 900 1120 XXV
953 1059 1063 1120 131

1115 746 1361 811 dierum
1422 747 1769 812 centesimo
1830 747 2078 811 decimo
2135 765 2303 810 anno
2362 746 2537 810 vitae
2599 765 2755 811 suae
2801 744 3144 811 defunctus
3191 753 3312 811 est.
3406 744 3587 809 cuius
3631 745 3850 809 mortis
3896 743 4146 809 occasio
4193 743 4371 809 dedit

1112 849 1365 914 Hunnis
1423 850 1799 934 praevalere
1860 850 1927 914 in
1974 849 2204 915 Gothis
2263 848 2433 930 illis,
2503 867 2661 930 quos
2719 848 3089 913 dixeramus
3152 847 3445 912 orientali
3504 847 3703 931 plaga
3762 847 3991 914 sedere
4038 857 4102 914 et
4148 846 4369 913 Ostro-

1113 952 1344 1034 gothas
1389 952 1770 1036 nuncupari.

1290 1050 1732 1137 Vesegothae,
1799 1054 1866 1119 id
1925 1062 2026 1120 est
2081 1054 2181 1118 illi
2240 1054 2353 1118 alii
2406 1072 2623 1118 eorum
2671 1054 2826 1118 socii
2872 1061 2934 1119 et
2980 1054 3227 1119 occidui
3276 1054 3395 1118 soli
3441 1054 3746 1133 cultores,
3814 1064 3986 1120 metu
4033 1060 4367 1138 parentum

1113 1157 1433 1238 exterriti,
1487 1157 1792 1240 quidnam
1841 1156 1921 1222 de
1967 1175 2036 1221 se
2081 1164 2340 1241 propter
2382 1164 2643 1240 gentem
2689 1157 3060 1221 Hunnorum
3109 1156 3577 1236 deliberarent,
3631 1156 4076 1239 ambigebant,
4133 1156 4368 1239 diuque

1115 1260 1470 1343 cogitantes
1513 1260 1774 1325 tandem
1822 1260 2140 1325 communi
2185 1260 2421 1344 placito
2469 1261 2719 1343 legatos
2762 1260 2831 1324 in
2877 1260 3189 1324 Romania
3237 1259 3607 1324 direxerunt
3651 1259 3737 1324 ad
3781 1260 4118 1325 Valentem
4163 1260 4370 1343 impe-

1117 1370 1390 1427 ratorem
1452 1362 1714 1428 fratrem
1760 1363 2195 1428 Valentiniani
2255 1363 2660 1446 imperatoris
2719 1363 3017 1441 senioriS,
3086 1371 3185 1442 ut,
3250 1370 3494 1447 partem
3543 1362 3860 1428 Thraciae
3908 1363 4041 1429 sive
4086 1363 4367 1427 Moesiae

1116 1465 1171 1530 si
1213 1465 1346 1530 illis
1390 1467 1675 1531 traderet
1718 1466 1803 1529 ad
1847 1465 2224 1547 colendum,
2290 1465 2429 1530 eius
2493 1486 2562 1531 se
2624 1467 2879 1548 legibus
2939 1465 3204 1547 eiusque
3249 1465 3466 1529 vivere
3510 1465 3799 1548 imperiis
3846 1465 4270 1530 subderentur
4292 1468 4359 1547 ¹).

1115 1574 1199 1649 et,
1253 1575 1324 1631 ut
1364 1566 1526 1633 fides
1572 1568 1826 1632 uberior
1871 1569 2008 1633 illis
2053 1569 2431 1649 haberetur,
2485 1569 2857 1652 promittunt
2901 1588 3005 1650 se,
3061 1568 3114 1632 si
3162 1568 3453 1632 doctores
3498 1568 3760 1651 linguae
3807 1586 3963 1632 suae
4008 1567 4359 1647 donaverit,

953 1677 1070 1738 132
1117 1669 1256 1758 fieri
1302 1671 1721 1738 Christianos.
1817 1672 1991 1754 quod
2037 1672 2278 1736 Valens
2325 1679 2622 1755 conperto
2669 1692 2817 1736 mox
2863 1671 3374 1754 gratulabundus
3418 1670 3672 1752 annuit,
3725 1670 3895 1752 quod
3940 1670 4105 1735 ultro
4150 1675 4366 1752 petere

1112 1774 1443 1856 voluisset,
1498 1782 1957 1860 susceptosque
2001 1774 2068 1838 in
2113 1775 2405 1859 partibus
2435 1775 2718 1840 Moesiae
2752 1774 2951 1840 Getas
2997 1775 3183 1856 quasi
3228 1794 3476 1838 murum
3523 1773 3704 1856 regni
3743 1774 3850 1838 'sui
3889 1780 4105 1838 eontra
4136 1773 4365 1838 citeras

1113 1877 1336 1942 statuit
1379 1886 1630 1960 gentes.
1725 1886 1788 1942 et
1845 1878 1999 1960 quia
2058 1883 2207 1942 tunc
2252 1878 2493 1942 Valens
2545 1878 2890 1962 imperator
2934 1878 3344 1941 Arrianorum
3391 1875 3659 1961 perfidia
3705 1875 3962 1940 saucius
4007 1881 4363 1940 nostrarum

1110 1979 1386 2061 partium
1433 2001 1653 2046 omnes
1699 1981 2010 2046 ecclesias
2057 1980 2455 2057 obturasset,
2510 2000 2666 2045 suae
2711 1980 2878 2064 parti
2923 1979 3206 2045 fautores
3254 1980 3339 2044 ad
3382 1979 3531 2044 illos
3576 1978 3814 2060 diriget
3858 1978 4356 2062 praedicatores,

1112 2081 1223 2162 qui
1267 2083 1600 2148 venientes
1644 2083 1912 2148 rudibus
1958 2091 2023 2147 et
2066 2083 2313 2164 ignaris
2357 2083 2507 2148 ilico
2555 2082 2860 2167 perfidiae
2909 2103 3063 2147 suae
3103 2083 3279 2146 virus
3306 2081 3676 2146 infundunt.
3757 2081 3850 2146 sic
3882 2101 4131 2164 quoque
4162 2081 4364 2144 Vese-

950 2191 1067 2252 133
1116 2184 1350 2266 gothae
1411 2206 1451 2250 a
1495 2187 1765 2251 Valente
1797 2186 2207 2272 ‚imperatore
2234 2164 2511 2250 ‘Arriani
2561 2186 2773 2269 potius
2818 2206 3009 2268 quam
3057 2185 3406 2250 Christiani
3450 2184 3661 2250 effecti
3680 2186 3754 2266 ²).
3851 2184 3931 2248 de
3977 2191 4187 2248 cetero
4231 2190 4362 2247 tam

1111 2285 1511 2370 Ostrogothis
1571 2308 1763 2370 quam
1811 2288 2081 2373 Gepidis
2139 2288 2512 2373 parentibus
2573 2289 2705 2353 suis
2765 2309 2879 2373 pro
2939 2288 3300 2353 affectionis
3346 2288 3557 2371 gratia
3603 2286 4129 2369 euangelizantes
4173 2286 4364 2350 huius

1107 2388 1419 2473 perfidiae
1467 2392 1781 2456 culturam
1827 2390 2192 2472 edocentes,
2246 2410 2498 2455 omnem
2544 2390 2780 2473 ubique
2826 2391 3088 2474 linguae
3135 2390 3324 2454 huius
3354 2390 3676 2455 nationem
3709 2388 3797 2453 ad
3827 2389 4139 2454 culturam
4172 2388 4364 2452 huius

1109 2500 1323 2557 sectae
1368 2493 1823 2559 invitaverunt.
1916 2493 2042 2578 ipsi
2088 2512 2364 2576 quoque,
2419 2500 2491 2558 ut
2533 2493 2771 2557 dictum
2818 2499 2936 2573 est,
2988 2493 3284 2557 Danubio
3330 2498 3795 2558 transmeantes
3833 2492 4102 2557 Daciam
4148 2491 4365 2575 ripen-

1109 2615 1266 2676 sem,
1318 2597 1626 2661 Moesiam
1672 2597 2112 2677 Thraciasque
2156 2597 2470 2680 permisso
2516 2596 2820 2681 principis
2864 2597 3258 2662 insederunt.

1279 2924 2080 2986 HPVLASOBX(YZ).

1285 3079 1306 3128 1
1350 3080 1561 3127 dolorem
1592 3079 1636 3125 Β
1843 3080 2006 3127 hunn.
2038 3074 2433 3144 incursionibus]
2471 3078 2524 3124 H
2537 3077 2665 3125 VLX
2675 3078 2724 3140 Y,
2766 3077 2924 3127 hunn.
2954 3079 3241 3125 incursibus
3279 3077 3336 3130 P.
3379 3078 3771 3126 discursionibus
3807 3076 3965 3126 hunn.
4012 3078 4071 3137 Ο,
4113 3078 4359 3125 incursio-

1108 3167 1256 3214 nibus
1284 3166 1566 3213 hunnorum
1591 3164 1693 3224 ΒΖ,
1732 3166 2046 3213 incursiones
2073 3165 2356 3215 hunnorum
2382 3163 2444 3222 Β,
2487 3163 2768 3211 hunnorum
2793 3165 3025 3213 incursus
3052 3165 3096 3211 A
3305 3162 3335 3212 2
3374 3165 3674 3211 centessimo
3708 3162 3749 3209 Ο
3958 3169 4009 3211 et
4032 3163 4223 3211 decimo
4248 3164 4291 3209 A

1106 3253 1278 3299 mortis
1311 3252 1487 3311 (motes
1513 3250 1571 3311 Ρ)
1600 3247 1813 3317 occasio]
1839 3264 1968 3298 mors
1993 3251 2298 3297 occasionem
2324 3250 2366 3296 A
2579 3250 2608 3297 3
2648 3250 2818 3310 gothos
2845 3249 2888 3297 L
3083 3245 3182 3315 or.]
3206 3252 3258 3297 in
3285 3263 3351 3297 or.
3381 3250 3516 3296 ΧῩΖ
3714 3249 3864 3310 plana
3889 3247 3962 3295 13⁶
4169 3248 4201 3297 4
4239 3263 4364 3297 non-

1104 3351 1285 3399 cupare
1323 3339 1368 3384 A
1578 3337 1607 3385 5
1644 3338 1946 3397 uaesegothe
1982 3336 2085 3397 SO,
2129 3333 2444 3396 uuisigothae
2487 3336 2533 3382 X
2563 3338 2746 3397 passim
2953 3337 3038 3384 illi
3073 3351 3169 3384 om.
3207 3336 3298 3384 OB
3506 3336 3536 3384 6
3574 3335 3823 3382 hunorum
3862 3340 4065 3395 gentem
4090 3334 4196 3394 ΧΥ,
4239 3348 4363 3395 gen-

1104 3431 1205 3471 tem
1243 3436 1339 3473 om.
1368 3422 1441 3470 13⁴¹
1649 3420 2008 3489 deliberarent]
2044 3423 2272 3472 ASOBX
2282 3422 2331 3484 Y,
2375 3423 2649 3470 deliberare
2679 3421 2866 3470 HPVL
3077 3424 3364 3471 ambiebant
3401 3421 3503 3484 PL,
3544 3423 3899 3482 ambisgebant
3938 3422 3980 3469 Ο
4191 3419 4218 3468 7
4251 3424 4362 3483 post

1102 3511 1289 3569 legatos
1322 3510 1524 3569 (legotos
1549 3509 1608 3569 P)
1639 3512 1809 3570 repetit
1833 3518 1974 3558 metu
2002 3547 2013 3559 .
2047 3547 2059 3558 .
2094 3546 2104 3557 .
2135 3510 2453 3568 ambigebant
2476 3510 2531 3568 S,
2571 3508 2717 3557 verba
2755 3511 2809 3556 in
2845 3523 2966 3557 rom.
2996 3510 3291 3557 direxerunt
3324 3511 3553 3557 omittens
3760 3503 3839 3573 in]
3877 3507 3935 3555 ad
3979 3507 4071 3554 OB
4278 3520 4362 3555 ro·-

1104 3591 1293 3660 mania]
1328 3594 1530 3656 HPVL,
1572 3597 1844 3644 romaniam
1882 3595 2127 3642 ΑΟΒΧΥ
2327 3591 2644 3660 direxerunt]
2681 3596 2970 3644 dilexerunt
3007 3594 3066 3655 P,
3107 3594 3348 3642 dixerunt
3382 3595 3421 3641 V
3628 3593 3657 3643 S
3695 3594 3970 3642 ualentiani
4013 3593 4055 3640 O
4264 3594 4361 3640 im·-

1106 3682 1345 3744 peratoris
1382 3697 1478 3730 om.
1509 3681 1832 3730 ASOBXYZ
1897 3684 1907 3692 ²
2088 3680 2119 3730 9
2158 3681 2377 3728 traheret
2413 3680 2469 3726 H
2705 3682 2814 3728 eius
2854 3695 2906 3728 se
2940 3681 3036 3741 leg.
3080 3683 3292 3742 eiusque
3328 3683 3505 3729 uiuere
3547 3680 3798 3739 (uiniaere
3824 3675 3955 3745 X“)]
3992 3681 4102 3727 eius
4137 3680 4234 3738 leg.
4277 3681 4359 3727 ui-

1103 3780 1223 3815 uere
1267 3767 1524 3827 (uiuerent
1547 3768 1606 3828 Β)
1649 3771 1863 3830 eiusque
1889 3768 2039 3830 803,
2083 3768 2193 3815 eius
2229 3767 2327 3827 leg.
2368 3767 2583 3827 eiusque
2607 3767 2651 3813 Α
2860 3766 3196 3815 sudderentur
3226 3767 3270 3814 L
3481 3765 3542 3814 10
3578 3767 3690 3814 illis
3726 3767 3811 3814 ub.
3854 3765 3898 3812 L
4107 3768 4150 3813 si
4187 3779 4284 3814 om.
4318 3765 4359 3812 Ο

1106 3853 1161 3903 11
1205 3850 1358 3920 quod]
1394 3867 1492 3916 quo
1530 3854 1672 3901 ΒΧΥ
1927 3859 2122 3913 compto
2165 3854 2264 3914 (sic)
2297 3854 2351 3911 S,
2394 3860 2537 3913 copto
2580 3851 2650 3900 0⁴⁸
2910 3853 3328 3912 gradulabumdus
3371 3853 3470 3914 (sic)
3519 3853 3561 3900 Ο
3832 3850 3894 3899 12
3931 3852 4212 3899 uoluissent
4247 3851 4291 3898 L

1103 3945 1461 4000 susceptosque
1502 3975 1515 3987 .
1549 3978 1561 3990 .
1591 3977 1603 3989 .
1652 3938 1710 3988 13
1749 3945 1928 4000 gentes
1963 3952 2061 3988 om.
2090 3940 2140 3986 Χ
2344 3935 2725 4004 susceptosque]
2762 3944 3129 4001 susceptusque
3173 3938 3261 3998 0⁶,
3304 3938 3654 4000 susceptisque
3701 3936 3786 3983 YZ
3991 3943 4157 3998 gestas
4193 3937 4354 3992 HPV,

1101 4027 1265 4085 gentis
1313 4025 1390 4071 ΥΖ
1631 4021 1834 4091 citeras]
1870 4025 1980 4087 ΗΡ,
2023 4029 2120 4072 cet.
2160 4025 2249 4073 rel.
2504 4022 2565 4072 13
2601 4024 2805 4085 prossdia
2840 4023 2892 4085 S,
2942 4025 3169 4087 peruidia
3211 4025 3253 4072 Ο
3501 4024 3560 4072 14
3598 4024 3887 4072 obdurasset
3922 4023 3967 4070 Β
4207 4019 4359 4090 parti]

1103 4110 1344 4168 HPVSO,
1387 4112 1543 4172 partis
1579 4110 1766 4159 LABX
1777 4111 1814 4157 Y
2037 4111 2284 4158 sanctores
2320 4109 2427 4172 LY,
2472 4111 2681 4158 factores
2719 4111 2769 4157 X
2995 4106 3198 4176 diriget]
3235 4110 3394 4170 HPV,
3436 4109 3608 4169 dirigit
3641 4112 3729 4159 rel.
3976 4109 4277 4170 praeditores
4314 4110 4357 4155 A

1104 4195 1166 4245 15
1205 4198 1532 4246 uenientibus
1570 4197 1703 4245 SOB
1945 4192 2089 4261 ilico]
2124 4197 2246 4244 iloco
2282 4195 2328 4242 P
2558 4197 2693 4245 uiros
2735 4197 2777 4244 O
3007 4192 3312 4262 infundunt]
3348 4195 3638 4244 defundunt
3671 4196 3803 4244 8013
4033 4191 4129 4261 sic]
4165 4197 4209 4243 si
4246 4196 4289 4241 A

1100 4283 1398 4344 uesogothae
1425 4282 1468 4330 L
1679 4281 1741 4331 16
1779 4289 1948 4330 tamen
1986 4282 2321 4342 ostrogothaes
2355 4282 2502 4342 (-·this
2530 4268 2681 4343 be)
2725 4283 2820 4329 ΧΥ
3028 4280 3086 4329 17
3127 4296 3274 4343 quam
3311 4296 3406 4330 om.
3438 4282 3531 4329 ΧΥ
3736 4282 3962 4343 partibus
3987 4280 4061 4328 Β·ι
4269 4295 4360 4343 per

1101 4369 1185 4416 aff.
1228 4370 1433 4429 gratiam
1471 4367 1618 4427 803,
1659 4382 1746 4429 pro
1782 4381 1927 4416 causa
1965 4370 2051 4416 aff.
2092 4368 2230 4415 XYZ
2464 4372 2575 4427 post
2611 4368 3017 4428 euangelizantes
3056 4371 3152 4417 ins.
3194 4381 3284 4428 per
3318 4367 3561 4428 ulphilam
3598 4368 3885 4428 episcopum
3920 4381 4069 4415 suum
4106 4368 4356 4414 arrianum

1101 4455 1193 4515 qui
1231 4454 1423 4502 litteras
1461 4454 1680 4513 gothicas
1719 4455 1909 4515 primus
1946 4454 2145 4501 inuenit
2181 4459 2233 4500 et
2269 4454 2538 4516 scripturas
2575 4455 2630 4500 in
2669 4467 2837 4501 eorum
2874 4455 3070 4514 linguas
3104 4454 3203 4515 (sic)
3245 4454 3443 4501 diuinas
3481 4455 3730 4502 conuertit
3754 4453 3898 4501 editio
3925 4452 4357 4513 Lindenbroytana

1103 4556 1159 4589 ex
1196 4538 1449 4599 Lundolt‘o
1484 4540 1592 4589 hiat.
1632 4542 1770 4588 misc.
1814 4543 1895 4599 11,
1939 4541 1968 4587 9
2001 4553 2055 4599 p.
2085 4540 2185 4587 344
2222 4539 2447 4600 Droysen
2676 4539 2736 4588 18
2773 4539 3041 4587 edocentes
3080 4576 3092 4588 .
3128 4577 3139 4589 .
3172 4576 3185 4589 .
3227 4540 3471 4588 culturam
3508 4554 3603 4588 om.
3639 4539 3681 4586 Ο
3890 4540 4040 4587 huius
4078 4539 4279 4598 linguae
4313 4537 4357 4583 Β

1109 4625 1169 4675 19
1206 4623 1289 4693 ut]
1324 4627 1397 4673 ait
1431 4626 1469 4675 S
1729 4625 2007 4673 danubium
2047 4624 2364 4674 LASOBXY
2624 4622 3009 4693 transmeantes]
3048 4632 3276 4674 meantes
3315 4628 3359 4674 A
3617 4626 3817 4687 ripense
3854 4625 4004 4684 SOB,
4041 4627 4240 4686 ripente
4277 4622 4358 4671 1²·

1104 4712 1168 4761 20
1206 4708 1471 4778 permisso]
1511 4710 1666 4772 HVS',
1707 4712 1957 4773 permissu
1994 4710 2080 4760 rel.
2292 4710 2579 4758 insiderunt
2615 4711 2653 4759 S

1281 4968 1324 5031 1)
1369 4972 1659 5019 Ammianus
1694 4973 1779 5031 31,
1824 4976 1874 5032 A,
1915 4974 1977 5017 1:
2025 4968 2202 5030 (Gothi)
2247 4964 2486 5033 [ducibus
2522 4967 2803 5028 Fritigerno
2838 4975 2890 5017 et
2924 4966 3156 5035 Ala]vivo
3191 4970 3324 5030 ripas
3360 4982 3661 5030 occupavere
3687 4969 3906 5016 Danuvii
3944 4968 4213 5031 missisque
4249 4981 4355 5016 ora·-

1102 5056 1293 5103 toribus
1341 5056 1399 5103 ad
1436 5056 1704 5105 Valentem
1753 5056 1942 5117 suscipi
1988 5068 2042 5103 se
2091 5054 2271 5102 humili
2318 5067 2466 5115 prece
2503 5055 2804 5116 poscebant,
2854 5060 2905 5102 et
2943 5056 3112 5116 quiete
3150 5057 3366 5103 victuros
3403 5069 3457 5102 se
3492 5055 3788 5117 pollicentes
3824 5062 3876 5103 et
3911 5054 4145 5116 daturos,
4196 5056 4241 5103 si
4277 5067 4356 5101 res

1102 5143 1394 5201 flagitasset,
1436 5142 1640 5191 auxilia.

1276 5226 1325 5288 2)
1371 5227 1573 5275 Orosius
1597 5230 1646 5287 7,
1674 5227 1763 5287 33,
1793 5228 1889 5274 19.-
1929 5225 2080 5274 Gothi
2117 5230 2262 5273 antea
2296 5239 2386 5288 per
2420 5227 2608 5286 legatos
2646 5227 2898 5289 supplices
2934 5233 3288 5289 poposcerunt,
3332 5232 3390 5275 ut
3424 5226 3526 5274 illis
3565 5228 3803 5287 episcopi,
3846 5241 3875 5274 a
3909 5228 4096 5288 quibus
4130 5226 4354 5286 regulam

1101 5312 1414 5361 Christianae
1451 5312 1567 5359 fidei
1604 5312 1871 5373 discerent,
1914 5312 2250 5360 mitterentur.
2323 5312 2515 5360 Valens
2552 5313 2819 5374 imperator
2854 5314 3104 5362 exitiabili
3140 5315 3383 5374 pravitate
3421 5312 3642 5360 doctores
3679 5314 3880 5360 Arriani
3916 5312 4159 5373 dogmatis
4197 5313 4349 5360 misit.

1101 5399 1251 5449 Gothi
1301 5400 1488 5460 primae
1536 5398 1653 5445 fidei
1699 5397 2047 5444 rudimentum
2095 5397 2226 5458 quod
2270 5410 2503 5458 accepere
2541 5404 2835 5449 tenuerunt.
2910 5398 2977 5458 cf.
3021 5398 3243 5446 Isidorus
3278 5398 3385 5447 hist.
3434 5397 3574 5446 Goth.
3617 5398 3683 5445 ad
3718 5411 3847 5446 eram
3887 5401 4015 5447 415:
4054 5400 4355 5447 Atanaricus

1099 5478 1449 5544 Fridi'gernum
1473 5483 1704 5531 Valentis
1738 5483 2050 5543 imperatoris
2088 5484 2324 5542 suffragio
2360 5496 2604 5543 superans
2640 5483 2794 5532 huius
2831 5486 2900 5532 rei
2938 5485 3097 5544 gratia
3132 5485 3321 5544 legatos
3358 5498 3469 5531 cum
3501 5485 3794 5531 muneribus
3819 5484 3879 5531 ad
3902 5484 4119 5532 eundem
4142 5485 4356 5546 impera·

1102 5578 1260 5619 torem
1298 5570 1460 5617 mittit
1495 5575 1547 5617 et
1583 5568 1805 5616 doctores
1841 5573 2044 5630 propter
2079 5568 2451 5630 suscipiendam
2485 5568 2799 5617 Christianae
2835 5569 2955 5617 fidei
2993 5570 3216 5629 regulam
3253 5571 3430 5632 poscit.
3494 5569 3679 5617 Valens
3717 5573 3883 5619 autem
3922 5585 3950 5617 a
3986 5571 4199 5618 veritate
4236 5569 4357 5616 fidel

1100 5657 1278 5704 devius
1318 5661 1369 5703 et
1392 5656 1630 5703 Arrianae
1668 5655 1889 5702 haeresis
1925 5655 2256 5715 perversitate
2291 5654 2539 5702 detentus
2578 5656 2744 5702 missis
2780 5655 3047 5703 haereticis
3083 5654 3424 5703 sacerdotibus
3449 5655 3636 5705 Gothos
3674 5657 3994 5717 persuasione
4030 5655 4249 5704 nefanda
4275 5656 4354 5702 sui

1097 5742 1278 5790 erroris
1315 5741 1529 5801 dogmati
1566 5741 1851 5801 adgregavit
1885 5747 1936 5788 et
1971 5741 2024 5788 in
2064 5745 2165 5788 tam
2201 5741 2499 5802 praeclaram
2539 5746 2739 5801 gentem
2776 5742 2916 5788 virus
2951 5743 3251 5803 pestiferum
3287 5742 3478 5790 semine
3513 5742 3788 5802 pernicioso
3825 5741 4113 5790 transfudit.

4409 1587 4463 1627 10

4406 2101 4459 2141 ¹5

4400 2612 4457 2654 20
