4882 6775
1169 469 1249 527 54
2616 462 2977 518 IORDANIS

1166 653 1326 718 ritus
1385 652 1471 717 ad
1528 653 1899 738 inplendam
1963 654 2102 719 eius
2161 659 2291 717 tam
2339 652 2742 737 magnificam
2790 652 3047 718 dicendi
3091 653 3342 718 tubam:
3414 672 3605 737 super
3649 672 3835 716 omne
3879 659 4092 716 autem
4142 650 4413 735 pondus,

1170 756 1343 839 quod
1403 777 1520 820 nec
1580 756 1855 821 facultas
1901 755 2244 821 eorundem
2292 756 2595 820 librorum
2642 756 2828 821 nobis
2873 755 3092 835 datur,
3157 762 3472 838 quatenus
3517 756 3657 820 eius
3705 756 3923 820 sensui
3967 755 4412 831 inserviamuS,

1169 861 1323 941 sed,
1378 868 1446 925 ut
1489 880 1616 924 non
1662 859 1966 939 mentiar,
2032 858 2120 924 ad
2164 858 2527 923 triduanam
2575 860 2911 924 lectionem
2959 859 3422 942 dispensatoris
3468 860 3608 923 eius
3653 858 3963 923 beneficio
4008 859 4203 924 libros
4248 858 4420 941 ipsos

1165 962 1438 1027 antehac
1483 962 1708 1044 relegi.
1805 982 2072 1042 quorum
2119 962 2412 1044 quamvis
2458 962 2659 1026 verba
2703 982 2828 1025 non
2877 962 3117 1041 recoIO,
3187 981 3416 1026 sensus
3474 970 3691 1026 tamen
3751 969 3816 1026 et
3858 982 3961 1026 res
4006 967 4186 1025 actas
4232 960 4418 1024 credo

1084 1066 1122 1127 3
1169 1086 1272 1130 me
1315 1066 1566 1147 integre
1612 1065 1905 1129 retinere.
2001 1064 2087 1129 ad
2148 1084 2304 1146 quos
2367 1072 2431 1129 et
2475 1084 2555 1129 ex
2600 1065 2924 1129 nonnullis
2972 1064 3256 1129 historiis
3302 1064 3526 1128 Grecis
3570 1084 3647 1128 ac
3692 1064 3941 1129 Latinis
3985 1062 4223 1127 addedj
4270 1082 4418 1126 con·
4454 1089 4475 1126 5

1164 1168 1522 1248 venientia,
1587 1167 1835 1231 initium
1897 1167 2216 1248 finemque
2276 1174 2342 1231 et
2400 1168 2588 1252 plura
2643 1168 2710 1231 in
2755 1166 2969 1231 medio
3014 1188 3160 1232 mea
3204 1167 3479 1232 dictione
3526 1168 3943 1251 permiscens,
4036 1185 4234 1248 quare
4280 1166 4416 1229 sine

1164 1272 1548 1336 contumelia
1591 1270 1762 1352 quod
1806 1271 2062 1351 exigisti
2111 1271 2364 1354 suscipe
2411 1271 2654 1352 libenS,
2722 1271 3145 1334 libentissime
3206 1271 3386 1353 lege;
3454 1278 3519 1335 et
3578 1271 3631 1334 si
3695 1270 3847 1352 quid
3909 1290 4135 1353 parum
4181 1269 4413 1333 dictum

1163 1382 1262 1439 est
1305 1382 1370 1439 et
1411 1381 1499 1456 tu,
1555 1381 1624 1437 ut
1665 1373 1914 1437 vicinus
1961 1373 2172 1456 genti,
2228 1394 2718 1455 commemoras,
2771 1374 2973 1455 adde,
3027 1394 3215 1437 orans
3262 1394 3373 1457 pro
3417 1394 3554 1455 me,
3608 1373 3805 1437 frater
3849 1373 4201 1437 carissime.
4287 1372 4417 1435 Do-

1162 1478 1373 1541 minus
1417 1486 1650 1542 tecum.
1728 1479 1959 1540 Amen.

1001 1700 1032 1763 I
1079 1705 1115 1763 4
1335 1701 1612 1764 Maiores
1672 1700 1904 1781 nostri,
1973 1707 2042 1764 ut
2100 1698 2296 1763 refert
2339 1699 2641 1781 OrosiuS,
2707 1700 2902 1764 totius
2960 1708 3169 1766 terrae
3230 1701 3532 1765 circulum
3590 1699 3832 1765 Oceani
3890 1699 4088 1764 limbo
4148 1699 4414 1763 circum-
4452 1724 4502 1763 ιο

1157 1810 1409 1885 septum
1467 1803 1861 1886 triquadrum
1924 1809 2280 1867 statuerunt
2341 1803 2606 1884 eiusque
2666 1809 2795 1866 tres
2840 1809 3055 1886 partes
3099 1804 3357 1885 Asiam,
3425 1803 3742 1887 Eoropam
3789 1809 3853 1867 et
3896 1802 4177 1866 Africam
4225 1823 4414 1867 voca-

1160 1909 1477 1989 verunt¹).
1572 1905 1653 1970 de
1699 1925 1823 1988 quo
1869 1905 2199 1989 trepertito
2246 1905 2419 1970 orbis
2464 1912 2773 1969 terrarum
2821 1905 3097 1988 spatium
3142 1906 3643 1970 innumerabiles
3705 1926 3869 1989 pene
3915 1906 4256 1989 scriptores
4302 1926 4413 1969 ex-

1156 2009 1416 2088 istunt,
1457 2010 1565 2091 qui
1625 2030 1751 2074 non
1811 2010 2017 2074 solum
2075 2008 2324 2073 urbium
2373 2009 2735 2072 locorumve
2782 2007 3131 2091 positiones
3177 2010 3559 2093 explanant,
3629 2029 3848 2073 verum
3896 2008 4090 2072 etiam
4137 2016 4202 2073 et
4246 2007 4414 2092 quod

1157 2119 1257 2175 est
1312 2111 1652 2193 liquidius,
1721 2131 2025 2195 passuum
2085 2112 2555 2194 miliariumque
2616 2111 2954 2175 dimetiunt
3012 2113 3469 2194 quantitatem,
3538 2113 3785 2176 insulas
3842 2132 4093 2195 quoque
4154 2112 4413 2176 marinis

1156 2212 1455 2278 fluctibus
1497 2214 1934 2292 intermixtas,
2000 2221 2129 2278 tam
2177 2214 2453 2278 maiores
2499 2234 2689 2296 quam
2737 2213 2931 2278 etiam
2978 2214 3289 2295 minores,
3358 2234 3518 2297 quas
3564 2215 3887 2299 Cycladas
3938 2215 4041 2279 vel
4090 2214 4412 2298 Sporadas
4450 2239 4501 2278 ιε

1074 2324 1113 2382 5
1158 2317 1628 2399 cognominant,
1681 2317 1744 2381 in
1790 2316 2080 2380 inmenso
2127 2316 2323 2380 maris
2369 2317 2589 2400 magni
2633 2317 2870 2400 pelagu
2918 2317 3075 2381 sitas
3121 2318 3565 2383 determinant.
3656 2319 3896 2383 Oceani
3941 2338 4091 2382 vero
4136 2317 4412 2382 intrans-

1157 2420 1469 2484 meabiles
1531 2420 1864 2485 ulteriores
1923 2419 2083 2485 fines
2142 2441 2268 2484 non
2330 2420 2534 2485 solum
2597 2419 2961 2484 describere
3007 2420 3151 2501 quis
3196 2420 3545 2504 adgressus
3592 2427 3723 2503 est,
3791 2440 4010 2485 verum
4058 2420 4250 2484 etiam
4295 2440 4412 2483 nec

1155 2523 1450 2605 cuiquam
1496 2523 1682 2587 licuit
1724 2521 2175 2606 transfretare,
2243 2523 2396 2605 quia
2440 2523 2778 2587 resistente
2824 2523 2977 2586 ulva
3022 2529 3087 2587 et
3131 2532 3462 2588 ventorum
3512 2524 3856 2608 spiramine
3901 2522 4271 2606 quiescente
4314 2522 4411 2586 in-

1071 2635 1110 2694 6
1155 2626 1569 2710 permeabilis
1629 2646 1772 2690 esse
1832 2625 2103 2691 sentitur
2162 2633 2225 2691 et
2283 2626 2446 2690 nulli
2507 2625 2763 2709 cognita
2819 2626 2941 2690 nisi
3006 2626 3066 2690 ei
3126 2629 3237 2709 qui
3296 2650 3442 2693 eam
3502 2627 3854 2693 constituit.
3947 2627 4218 2691 ceterior
4262 2646 4408 2690 vero

1323 2851 1376 2897 H
1402 2850 1444 2896 P
1478 2852 1581 2899 VL
1607 2853 1652 2897 A
1678 2853 1716 2900 S
1757 2850 1840 2910 (10
1879 2852 2089 2899 Maiores
2125 2879 2194 2886 —
2236 2851 2296 2899 19
2333 2853 2615 2912 constituit)
2661 2852 2773 2899 ΒΧ
2799 2854 2957 2915 (YZ).
3036 2853 3162 2903 Rav.
3207 2856 3256 2913 5,
3299 2855 3365 2901 28
3397 2869 3451 2914 p.
3482 2858 3582 2903 ⁴15
3620 2854 3685 2901 ad
3719 2872 3765 2902 v.
3804 2852 3893 2901 18:
3937 2852 4166 2901 Oceanus
4206 2890 4216 2901 .
4253 2890 4263 2901 .
4299 2891 4310 2902 .
4350 2853 4408 2899 ad

1149 2937 1371 2985 Orientis
1407 2938 1600 2998 plagam
1641 2944 1840 2999 propter
1881 2939 2046 2985 ulvam
2083 2939 2438 2997 innavigabilis
2477 2952 2586 2985 esse
2623 2939 2938 2987 describitur.
3488 2958 3491 2961 ·

1327 3057 1347 3105 1
1390 3057 1706 3121 implendum
1748 3059 1883 3105 ΧΥΖ
2089 3060 2314 3108 discendi
2352 3059 2413 3119 L,
2457 3059 2670 3107 <incudi
2714 3060 2755 3107 V
2957 3073 3109 3121 super
3145 3074 3291 3107 omne
3328 3066 3497 3108 autem
3534 3056 3755 3125 pondus]
3792 3073 3943 3121 super
3978 3073 4123 3107 omne
4161 3062 4295 3107 enim
4332 3066 4408 3109 est

1149 3145 1345 3206 pondus
1373 3145 1525 3204 XYZ,
1568 3152 1770 3207 superat
1807 3160 1896 3194 nos
1922 3146 2012 3193 hoc
2036 3147 2236 3207 pondus
2262 3146 2322 3205 Β,
2363 3160 2515 3206 super
2539 3160 2711 3194 omnes
2737 3155 2904 3194 autem
2931 3146 3261 3195 difficultates
3287 3147 3501 3210 Rufinus
3710 3146 3740 3194 3
3778 3142 3913 3211 eius]
3949 3146 4176 3193 eiusdem
4203 3147 4338 3192 XYZ

1149 3228 1306 3296 ipsos]
1344 3233 1494 3280 etiam
1521 3233 1655 3293 ipsos
1683 3231 1754 3279 X*
1963 3232 1994 3280 4
2032 3230 2207 3298 relegi]
2243 3234 2331 3280 reli
2360 3232 2431 3280 L*
2642 3233 2672 3281 5
2709 3235 2900 3293 integro
2938 3233 2982 3280 L
3191 3230 3435 3299 retinere]
3473 3240 3646 3282 tenere
3684 3233 3731 3279 Β
3939 3238 3990 3281 et
4026 3247 4089 3280 ex
4128 3230 4406 3297 nonnullis]

1146 3323 1197 3365 et
1234 3319 1493 3365 nonnullis
1532 3320 1593 3378 A,
1636 3318 1896 3365 nonnullis
1922 3324 1973 3365 et
1997 3332 2060 3365 ex
2092 3318 2149 3378 Z,
2193 3320 2433 3366 nonnulla
2458 3332 2522 3365 ex
2553 3319 2598 3365 Β
2809 3316 2886 3385 ac]
2927 3325 2977 3367 et
3015 3321 3060 3365 A
3286 3316 3489 3385 addedi]
3527 3318 3638 3380 ΗΡ,
3679 3317 3844 3366 addidi
3880 3319 3968 3366 rel.
4181 3320 4212 3367 6
4249 3319 4403 3367 dicta-

1144 3406 1280 3452 tione
1315 3405 1362 3451 B
1595 3405 1622 3453 7
1660 3401 1889 3470 uiginti]
1927 3405 2086 3465 HPV,
2134 3408 2349 3466 exegisti
2384 3408 2475 3454 rel.
2711 3405 2742 3454 8
2781 3403 2856 3472 et]
2891 3408 2943 3454 id
2980 3406 3292 3467 Lindenbroy
3525 3413 3583 3454 ut
3618 3420 3716 3454 om.
3758 3406 3805 3452 Β
4033 3402 4403 3471 commemoras]

1145 3478 1396 3538 PV⁶LBX
1409 3491 1455 3552 Y,
1498 3504 1887 3539 commemorans
1925 3491 2038 3552 HA,
2078 3505 2473 3540 commemoras*
2524 3491 2590 3538 V‘
2798 3506 2882 3540 ora
2916 3492 2963 3538 Β
3192 3495 3343 3541 frater
3379 3493 3637 3541 carissime
3678 3491 3769 3551 1²⁰,
3810 3492 4069 3539 karissime
4106 3493 4257 3539 frater
4290 3492 4335 3537 A

1141 3577 1190 3624 d.
1233 3582 1399 3624 tecum
1436 3574 1606 3642 amen]
1647 3576 1796 3636 PVL,
1838 3577 1887 3624 d.
1929 3581 2096 3624 tecum
2132 3577 2250 3636 HA,
2290 3591 2386 3626 om.
2427 3577 2572 3623 ΒΧΥ
2851 3577 2913 3626 10
2952 3579 3170 3637 lymbum
3195 3579 3235 3626 S
3507 3583 3616 3638 post
3653 3579 3837 3625 circum
3876 3579 3969 3625 im.
4012 3583 4322 3624 uocauerunt
4357 3579 4401 3623 A

1141 3661 1197 3709 11
1241 3659 1574 3728 triquadrum]
1601 3663 1826 3711 ASXYZ
1857 3662 2078 3725 oronim,
2108 3664 2410 3724 triquatrum
2434 3663 2593 3725 HPL,
2625 3664 2928 3724 triquartum
2967 3664 3050 3711 VB
3225 3660 3462 3729 eiusque]
3488 3678 3586 3725 que
3611 3665 3721 3711 eius
3746 3664 3791 3709 A
3965 3658 4219 3728 eoropam]
4246 3662 4397 3721 HPS,

1140 3752 1194 3795 et
1231 3762 1468 3810 europam
1495 3749 1556 3809 L,
1599 3763 1836 3810 europam
1860 3751 1948 3797 rel.
2146 3755 2455 3798 uocauerunt
2478 3750 2554 3796 hic
2577 3763 2675 3796 om.
2707 3751 2752 3796 A
2967 3749 3027 3798 12
3067 3747 3354 3816 trepertito]
3380 3750 3491 3811 ΗΡ,
3534 3752 3785 3812 tripertito
3820 3748 4131 3796 VLASBXY
4318 3764 4401 3797 ur-

1142 3834 1218 3880 bis
1243 3835 1282 3883 8
1470 3841 1713 3882 terrarum
1738 3849 1835 3884 om.
1867 3837 1909 3881 A
2103 3832 2351 3901 spatium]
2375 3835 2539 3895 HPV,
2580 3838 2739 3898 spatio
2764 3838 2852 3885 rel.
3050 3838 3333 3884 extiterunt
3358 3837 3403 3882 A
3616 3835 3675 3883 13
3713 3837 3930 3884 locorum
3955 3836 4036 3882 uel
4070 3835 4136 3880 V‘
4310 3850 4400 3883 ex-

1141 3920 1347 3980 planant
1385 3935 1480 3969 om.
1515 3922 1560 3967 A
1773 3920 1835 3968 14
1871 3921 2096 3981 liquidus
2120 3920 2159 3968 8
2366 3918 2764 3987 miliariumque]
2800 3922 2900 3981 83,
2943 3923 3296 3983 miliorumque
3322 3922 3532 3981 HPVA,
3572 3923 3927 3983 miliarumqne
3953 3920 4014 3981 L,
4055 3922 4402 3969 miliariorum-

1139 4020 1238 4066 que
1265 4006 1311 4051 X
1323 4006 1358 4051 Y
1561 4007 1897 4055 dimetiuntur
1922 4008 2014 4053 AB
2221 4008 2424 4055 insula
2465 4007 2533 4054 γ’
2740 4009 2967 4055 marinus
2991 4007 3091 4054 ΗΡ
3297 4007 3359 4056 15
3397 4022 3549 4069 quam
3584 4010 3739 4056 etiam
3774 4010 3989 4055 minores
4024 4021 4123 4056 om.
4151 4008 4207 4067 8,
4247 4010 4399 4056 etiam

1139 4105 1235 4139 om.
1266 4091 1309 4138 L
1523 4091 1583 4140 16
1619 4094 1672 4139 in
1716 4129 1728 4141 .
1761 4129 1772 4141 .
1806 4129 1818 4141 .
1859 4093 2200 4141 determinant
2234 4108 2332 4142 om.
2366 4094 2516 4154 XYZ,
2558 4096 2610 4141 in
2647 4107 2744 4143 om.
2777 4093 2904 4142 LSB
3115 4091 3322 4160 pelagu]
3347 4093 3448 4140 ΗΡ
3462 4094 3511 4156 V,
3555 4096 3727 4155 pelago
3762 4096 3851 4142 rel.
4065 4094 4397 4143 intransmea-

1138 4179 1255 4225 bilis
1292 4175 1364 4224 Α2
1388 4178 1654 4227 Rhenanus
1867 4178 1925 4227 17
1966 4181 2100 4228 solus
2127 4179 2165 4227 S
2371 4182 2486 4241 quis
2511 4181 2671 4229 deser.
2696 4181 2741 4226 A
2951 4177 3053 4246 est]
3088 4194 3187 4228 non
3214 4185 3292 4229 est
3317 4182 3362 4227 A
3575 4180 3637 4229 18
3674 4181 3957 4241 spinamine
3979 4181 4271 4241 quesciente
4297 4180 4333 4227 S

1137 4265 1554 4325 inpraemeabiles
1578 4265 1631 4326 S,
1673 4266 2001 4313 irremeabilis
2030 4267 2163 4313 XYZ
2378 4265 2437 4314 19
2477 4268 2764 4314 sentiantur
2787 4266 2834 4312 Β
3020 4269 3249 4329 cognitus
3279 4269 3339 4330 A,
3382 4268 3567 4327 cogniti
3592 4267 3639 4313 Β
3824 4262 3897 4332 ei]
3930 4265 4267 4327 HPVLASZ,
4308 4268 4397 4314 soli

1136 4353 1184 4399 ei
1210 4352 1269 4412 B,
1299 4353 1411 4399 eins
1438 4352 1501 4413 X,
1530 4367 1624 4399 om.
1668 4353 1704 4398 Y
1911 4354 2000 4414 qui
2024 4367 2132 4401 eam
2166 4351 2299 4414 (quia
2322 4353 2376 4413 8,
2407 4355 2494 4415 qui
2519 4367 2605 4402 eos
2631 4354 2694 4414 Β)
2725 4355 2993 4402 constituit
3023 4354 3263 4417 (condidit
3290 4351 3382 4419 L)]
3416 4355 3504 4415 qui
3531 4354 3651 4401 {ecit
3676 4367 3790 4400 eum
3821 4354 3866 4398 A
4074 4350 4304 4418 ceterior]
4325 4353 4393 4412 Η,

1138 4439 1392 4485 anterior
1427 4437 1509 4496 V‘,
1551 4439 1753 4486 citerior
1788 4440 1878 4486 rel.

1138 4559 1288 4566 0——

1315 4628 1358 4690 1)
1406 4627 1610 4676 Orosius
1651 4631 1697 4689 1,
1740 4629 1790 4687 2,
1836 4631 1859 4674 1
1883 4645 1898 4675 :
1937 4630 2150 4676 maiores
2189 4629 2345 4676 nostri
2382 4630 2548 4678 orbem
2589 4631 2747 4677 totius
2784 4637 2943 4678 terrae
2969 4631 3153 4679 Oceani
3189 4632 3343 4680 limbo
3380 4631 3796 4691 circumsaeptum
3835 4629 4149 4690 triquadrum
4175 4636 4396 4677 statuere

1136 4715 1349 4775 eiusque
1385 4720 1488 4762 tres
1525 4719 1692 4775 partes
1730 4715 1924 4775 Asiam,
1971 4715 2217 4776 Europam
2256 4720 2309 4763 et
2345 4717 2567 4763 Africam
2607 4722 2927 4765 vocaverunt.

1135 4903 1275 4956 illud
1313 4904 1538 4972 aspicis,
1580 4904 1732 4972 quod
1769 4903 1954 4957 tenuis
1991 4903 2121 4956 mihi
2162 4910 2252 4957 est
2286 4904 2520 4972 spiritus
2556 4903 2627 4958 ad
2666 4904 2989 4972 inplendam
3028 4904 3149 4958 eius
3188 4909 3300 4958 tam
3326 4902 3677 4970 magnificam
3703 4902 3926 4956 dicendi
3954 4902 4166 4956 tubam.
4231 4919 4395 4972 super

1133 5006 1326 5043 omnes
1361 4995 1548 5043 autem
1586 4987 1954 5044 difficultates
1993 4996 2098 5053 est,
2139 4990 2291 5058 quod
2327 4991 2655 5058 interpolati
2695 4998 2826 5045 sunt
2862 4992 2971 5059 ipsi
3011 4991 3157 5045 libri.
3242 4990 3444 5043 desunt
3481 4990 3627 5043 enim
3664 4986 3783 5042 fere
3821 4988 3973 5057 apud
4012 4989 4253 5042 omnium
4292 4989 4391 5058 by-

1135 5076 1466 5140 bliothecas,
1505 5078 1778 5129 incertum
1817 5092 1950 5130 sane
1987 5091 2098 5143 quo
2134 5091 2296 5138 casu,
2338 5077 2611 5145 aliquanti
2651 5093 2719 5130 cx
2756 5079 2881 5146 ipso
2918 5092 3150 5146 corpore
3188 5077 3488 5138 volumina,
3531 5083 3590 5129 et
3625 5076 3765 5129 haec
3802 5075 4092 5144 adinplere
4130 5083 4300 5145 atque
4335 5077 4390 5127 in

1133 5162 1336 5216 Latino
1371 5178 1540 5231 opere
1578 5164 1851 5230 integram
1895 5163 2131 5228 (integra
2175 5166 2224 5223 Ο)
2269 5163 2726 5230 consequentiam
2765 5162 2902 5217 dare
2948 5179 3059 5216 non
3096 5169 3186 5216 est
3221 5163 3329 5215 mei
3367 5162 3609 5229 ingenii,
3665 5162 3795 5227 sed,
3853 5167 3915 5214 ut
3963 5168 4025 5215 tu
4074 5163 4261 5216 credis
4298 5162 4387 5230 qui

1133 5249 1273 5302 haec
1321 5249 1530 5315 exigis,
1583 5249 1829 5301 muneris
1867 5246 2110 5301 fortasse
2147 5248 2325 5304 divini
2371 5248 2599 5311 (divinis
2646 5253 2721 5311 C).
2817 5249 2985 5303 addis
3025 5249 3225 5310 (addes
3264 5253 3325 5309 A)
3368 5254 3583 5312 autem,
3638 5264 3707 5300 nc
3755 5248 3888 5316 quid
3928 5247 4219 5301 laboribus
4256 5247 4391 5301 meis

1133 5334 1309 5395 desit,
1356 5341 1421 5388 ut
1455 5349 1614 5388 omne
1653 5335 1758 5388 hoc
1795 5335 2109 5403 quindecim
2146 5335 2490 5388 voluminum
2528 5350 2759 5403 corpus,
2816 5336 2967 5403 quod
3006 5335 3256 5389 Graecus
3295 5349 3477 5387 sermo
3516 5334 3588 5387 ad
3627 5334 4001 5403 quadraginta
4037 5331 4155 5387 fere
4191 5341 4291 5388 aut
4324 5348 4391 5386 eo

1131 5420 1371 5488 amplius
1407 5421 1562 5474 milia
1597 5436 1858 5476 versuum
1894 5422 2193 5489 produxit,
2240 5421 2563 5476 adbreviem
2608 5422 2955 5482 (adbreviest
2992 5425 3053 5484 A)
3096 5428 3155 5475 et
3192 5422 3264 5475 ad
3303 5421 3520 5480 media,
3563 5422 3610 5475 si
3650 5420 3771 5474 fieri
3807 5426 4026 5489 potest,
4079 5421 4266 5489 spatia
4301 5436 4393 5472 co-

1130 5513 1337 5561 artem:
1390 5508 1532 5561 dura
1584 5508 1763 5572 (duria
1802 5510 1856 5570 C)
1907 5508 2049 5561 satis
2097 5508 2314 5576 inperia
2362 5514 2422 5561 et
2467 5513 2752 5576 tamquam
2803 5508 2877 5562 ab
2925 5523 2993 5561 eo
3037 5507 3237 5572 (habeo
3282 5511 3372 5571 C),
3427 5508 3522 5576 qui
3564 5508 3785 5575 pondus
3820 5507 4007 5574 operis
4045 5506 4210 5560 huius
4248 5505 4389 5561 scire

1128 5595 1274 5647 nolit
1317 5594 1495 5659 (nollit
1531 5598 1588 5657 A)
1612 5636 1624 5656 ,
1678 5594 1940 5662 inposita.
2018 5594 2324 5661 adgrediar
2360 5599 2577 5655 tamen,
2634 5595 2683 5648 si
2722 5592 2868 5649 forte
2908 5594 3262 5648 orationibus
3301 5594 3445 5655 tuis,
3506 5608 3649 5662 quae
3687 5593 3821 5646 mihi
3860 5599 4141 5662 tamquam
4181 5593 4386 5647 homini

1129 5681 1482 5749 inpossibilia
1516 5680 1811 5745 videntur,
1852 5681 2178 5748 adspirante
2222 5680 2489 5747 (spirante
2531 5683 2582 5743 C)
2627 5681 2734 5734 deo
2772 5681 3069 5749 possibilia
3106 5679 3259 5733 fiant.
3337 5680 3439 5734 sed
3477 5680 3658 5748 ipsum
3696 5679 3839 5742 iam,
3884 5679 3933 5733 si
3972 5680 4226 5743 videtur,
4270 5678 4390 5734 Ori-

1127 5782 1309 5836 genen
1349 5767 1639 5835 {originem
1681 5770 1735 5830 C)
1774 5767 2021 5836 qualiter
2055 5764 2463 5835 praefationem
2500 5767 2749 5836 suscepti
2786 5767 2973 5836 operis
3012 5767 3240 5834 dirigat,
3283 5766 3597 5819 audiamus.
