4882 6775
772 4621 989 4661 Auctorem
1018 4621 1087 4661 usi

811 4672 1087 4714 Iordanianis

860 4863 1088 4904 Secundus

802 4916 1089 4958 Tridentinus

1108 429 1317 493 XLIV
2507 430 2964 484 PROOEMIVM.

1110 655 1336 721 Getico
1379 675 1521 720 cum
1567 655 1932 719 universum
1994 654 2232 719 bellum
2280 654 2561 739 explicet
2600 654 2686 719 ad
2729 655 3135 719 Ammianum
3158 708 3172 729 ,
3230 654 3299 719 in
3344 655 3745 739 imperatoris
3789 662 3989 718 morte
4033 651 4353 717 narranda

1111 776 1441 859 utriusque
1484 775 1764 840 auctoris
1805 774 2003 840 verba
2048 774 2520 841 contaminavit.
2572 784 2645 839 ut
2687 775 2950 840 dubium
2997 796 3143 841 esse
3188 785 3465 857 nequeat
3506 774 3683 860 apud
3728 773 4204 840 Cassiodorium
4250 792 4353 835 re-

1110 904 1333 981 pertae
1376 896 1728 961 narrationi
1754 895 2135 960 Ammianae
2179 895 2389 979 ipsum
2429 895 2703 960 alteram
2745 895 3093 961 inseruisse
3138 916 3220 961 ex
3249 895 3554 960 Romanis
3597 896 3732 961 suis
3761 895 4160 960 translatam.
4239 913 4355 957 ne-

1109 1036 1235 1101 que
1279 1016 1447 1082 enim
1493 1015 1831 1100 qnisquam
1874 1016 2097 1100 opinor
2138 1015 2482 1081 contendet
2509 1015 3006 1085 Cassiodorium.
3060 1024 3130 1082 ut
3171 1017 3339 1081 hunc
3383 1017 3615 1097 locum.
3666 1016 3776 1098 qui
3808 1016 3985 1080 solus
4014 1015 4081 1079 in
4111 1013 4355 1079 Geticis

1111 1137 1515 1203 Victorianus
1558 1144 1676 1215 est,
1727 1156 1808 1201 ex
1854 1136 2009 1201 exili
2052 1136 2171 1200 illa
2215 1136 2491 1221 epitome
2536 1135 2935 1207 adsumeret,
2986 1137 3393 1202 Ammianum
3439 1137 3829 1222 seposuisse.
3921 1135 4041 1201 sed
4084 1135 4352 1199 fortasse

1111 1257 1379 1323 ulterius
1442 1256 1741 1342 progredi
1805 1277 2144 1341 possumus
2224 1266 2289 1322 et
2353 1255 2613 1322 Iordani
2678 1256 3052 1323 adiudicare
3117 1277 3559 1340 quaecumque
3623 1257 3893 1323 veniunt
3956 1277 4038 1322 ex
4103 1255 4349 1321 Orosio.

1111 1377 1519 1444 Cassiodorio
1576 1377 1746 1442 hunc
1789 1385 2109 1443 auctorem
2156 1378 2347 1443 valde
2392 1378 2714 1462 placuisse
2732 1430 2748 1458 ,
2813 1386 2982 1443 certe
3025 1385 3172 1444 ante
3219 1379 3694 1444 conversionem
3739 1378 3878 1443 eius
3898 1430 3912 1459 ,
3978 1377 4089 1441 vix
4141 1375 4359 1441 credet

1110 1500 1219 1583 qui
1263 1506 1597 1581 utrumqne
1641 1498 1849 1563 novit:
1900 1498 2057 1581 quid
2099 1498 2270 1580 quod
2314 1480 2418 1563 v⁶el
2463 1505 2610 1583 post
2653 1500 3130 1566 conversionem
3175 1507 3241 1566 et
3282 1499 3366 1565 ad
3422 1500 3769 1565 monachos
3827 1499 4113 1564 scribens
4182 1496 4353 1579 (inst.

1112 1619 1245 1684 div.
1294 1620 1418 1684 litt.
1460 1623 1557 1701 17)
1614 1619 1707 1684 sic
1753 1618 1835 1683 de
1879 1638 1956 1683 eo
2001 1620 2310 1702 loquitur:
2372 1619 2668 1685 ‘Orosius
2698 1640 2946 1703 quoque
2978 1621 3480 1686 Christianorum
3525 1626 3881 1704 temporum
3927 1637 4358 1703 paganorum-

1119 1744 1279 1823 ‘que
1324 1740 1588 1804 collator
1631 1746 1888 1824 praesto
1933 1740 2119 1804 vobis
2164 1747 2297 1821 est,
2363 1741 2418 1804 si
2463 1761 2608 1805 eum
2654 1741 2983 1806 volueritis
3026 1742 3297 1825 legere',
3363 1743 3521 1806 satis
3565 1741 3797 1824 frigide
3844 1747 4022 1824 puto.
4114 1746 4182 1803 at
4223 1737 4358 1800 Ior-

1112 1860 1265 1926 dani
1310 1860 1573 1926 Orosius
1616 1860 1960 1925 admodum
2006 1861 2248 1945 placuit
2304 1861 2540 1944 dignus
2598 1861 2711 1925 ille
2771 1861 3080 1945 magister
3134 1863 3250 1928 tali
3309 1863 3663 1947 discipulo:
3728 1882 3939 1943 neque
3998 1859 4166 1925 enim
4219 1857 4358 1921 sine

1110 2000 1344 2061 cansa,
1407 1988 1479 2046 ut
1520 1982 1948 2045 Romanorum
2002 1981 2387 2066 principium
2449 1981 2788 2065 splendido
2844 1982 3100 2047 nomine
3151 1982 3489 2048 Iamblichi
3547 1982 3920 2061 exoman‘t,
3985 1981 4076 2046 ita
4132 1977 4358 2043 Getica

1113 2102 1411 2167 similiter
1466 2101 1533 2166 in
1594 2101 1799 2166 Orosii
1859 2103 2063 2167 tutela
2122 2102 2478 2167 collocavit.
2572 2122 2781 2183 neque
2837 2102 2908 2167 id
2965 2104 3048 2168 ab
3107 2124 3185 2168 eo
3244 2103 3600 2169 abiudicari
3658 2103 3922 2189 poterit,
3989 2122 4130 2167 cum
4188 2097 4360 2181 quod

1112 2223 1259 2303 libri
1312 2222 1563 2287 initium
1622 2222 1861 2288 diserte
1906 2223 2029 2287 sibi
2073 2222 2359 2287 vindicat
2399 2230 2536 2287 tum
2580 2222 2750 2305 quod
2798 2223 2964 2288 duae
3010 2224 3166 2289 illae
3209 2223 3615 2289 laudationes
3659 2222 3994 2288 Iamblichi
4040 2229 4106 2287 et
4148 2218 4359 2286 Orosii

1113 2344 1252 2429 pari
1294 2363 1494 2429 passu
1538 2344 1957 2428 procedentes
2002 2344 2256 2410 omnino
2300 2344 2383 2409 ab
2428 2343 2657 2409 eadem
2704 2364 2896 2408 mann
2941 2345 3227 2409 veniunt.
3319 2344 3451 2409 iam
3512 2366 3654 2410 cnm
3714 2365 3797 2410 ex
3850 2343 4214 2408 auctoribus
4271 2339 4358 2404 ad

1111 2466 1401 2531 Romana
1443 2464 1751 2529 adhibitis
1797 2484 1961 2529 unus
1991 2464 2255 2530 Orosius
2301 2464 2496 2530 etiam
2542 2465 2611 2529 in
2643 2464 2885 2531 Geticis
2931 2465 3192 2549 saepius
3237 2466 3557 2549 expilatus
3602 2466 3686 2530 sit
3704 2468 3806 2547 ⁵3).
3859 2465 3968 2547 qui
4011 2464 4165 2528 item
4198 2481 4363 2526 nnus

1115 2586 1345 2651 citatur
1385 2585 1637 2650 adiecto
1690 2585 2093 2650 ‘voluminis’
2141 2606 2403 2651 numero
2459 2586 2560 2667 (G.
2613 2591 2672 2666 5,
2726 2588 2828 2665 43)
2855 2637 2871 2666 ,
2923 2585 3207 2650 nascitur
3251 2586 3564 2670 suspicio,
3631 2606 3843 2650 annon
3888 2584 4200 2651 Orosiana
4243 2582 4360 2646 illa

1115 2706 1329 2772 omnia
1370 2704 1456 2769 ad
1500 2705 1835 2771 Iordanem
1882 2706 2241 2791 pertineant
2286 2706 2539 2788 sintque
2583 2706 2727 2790 ipsa
2767 2706 2888 2770 illa
2944 2726 3110 2789 quae
3168 2727 3288 2772 sua
3347 2706 3623 2772 dictione
3684 2707 3748 2771 in
3809 2706 4020 2771 medio
4077 2705 4364 2787 interpo-

1115 2828 1323 2892 suisse
1370 2847 1441 2892 se
1485 2825 1832 2892 contendit.
1927 2826 2078 2891 huic
2121 2827 2520 2893 coniecturae
2565 2832 2812 2893 tantum
2857 2829 3045 2893 abest
3087 2835 3157 2893 ut
3198 2828 3537 2911 quicquam
3584 2829 3814 2909 obstet,
3864 2833 3937 2892 ut
3980 2823 4360 2911 saepissime

1115 2947 1378 3013 Orosius
1421 2946 1854 3012 introducatur
1898 2954 2222 3030 tamquam
2268 2947 2506 3013 lacinia
2550 2948 2716 3013 vesti
2761 2948 3087 3033 perfectae
3131 2949 3302 3014 male
3346 2949 3581 3014 insuta.

1286 3069 1359 3132 In
1406 3088 1657 3133 summa
1700 3088 1768 3133 re
1815 3068 2177 3133 Geticorum
2223 3068 2518 3148 libellus,
2585 3076 2902 3152 quatenus
2958 3070 3025 3134 in
3077 3090 3154 3135 eo
3198 3076 3550 3135 tractantur
3593 3090 3696 3135 res
3739 3077 3938 3135 morte
3983 3067 4363 3134 Theoderici

1112 3189 1499 3271 anteriores,
1563 3209 1741 3254 mera
1796 3189 2072 3273 epitome
2117 3195 2248 3272 est,
2313 3191 2539 3255 luxata
2582 3210 2662 3256 ea
2707 3197 2771 3256 et
2814 3210 3149 3275 perversa,
3214 3190 3515 3255 historiae
3561 3190 3873 3256 Gothicae
3918 3187 4362 3256 Cassiodoria-

1113 3330 1268 3393 nae,
1321 3331 1440 3375 nec
1485 3310 1623 3375 sine
1668 3310 1841 3375 iusta
1886 3329 2116 3394 causa,
2168 3311 2342 3394 quod
2388 3310 2470 3376 de
2517 3311 2658 3397 ipsa
2699 3312 2994 3377 anecdoti
3039 3311 3550 3377 Caroliruhensis
3595 3312 3863 3397 scriptor
3905 3311 4119 3393 refert,
4171 3309 4362 3375 etiam

1113 3431 1179 3496 in
1223 3432 1517 3497 Iordanis
1577 3432 1900 3517 epitomen
1955 3433 2261 3515 quadrat,
2326 3433 2637 3517 originem
2694 3433 2904 3517 gentis
2964 3440 3030 3499 et
3081 3435 3225 3499 loca
3267 3453 3606 3516 moresque
3650 3433 3788 3498 eius
3832 3433 3923 3498 ibi
3967 3430 4356 3498 adumbrari.

1112 3552 1463 3618 foederatio
1521 3553 2099 3620 mercennariorum
2158 3564 2223 3617 et
2280 3554 2749 3638 provinciarum
2806 3555 3334 3621 Danuvianarum
3400 3574 3504 3621 res
3566 3554 4032 3620 interveniente
4091 3553 4363 3618 Iordane

1112 3675 1320 3738 locum
1367 3683 1784 3759 usurparunt,
1850 3695 2036 3758 quem
2096 3675 2270 3759 apud
2315 3675 2790 3741 Cassiodorium
2836 3676 3107 3741 obtinuit
3149 3696 3416 3760 regnum
3461 3678 3816 3741 Romanum
3877 3674 4118 3759 pariter
4168 3679 4360 3754 atque

1114 3793 1448 3860 Gothicum
1493 3795 1713 3879 magni
1744 3795 2128 3861 Theoderici
2172 3797 2441 3877 eiusque
2472 3797 2798 3862 Romanae
2844 3796 3262 3863 humanitatis
3306 3797 3644 3863 admiratio
3690 3803 3753 3862 et
3795 3795 4095 3860 imitatio:
4147 3794 4239 3858 ita
4280 3812 4361 3857 ex

1114 3917 1333 3980 multis
1378 3937 1584 4002 pauca
1628 3917 1859 4000 selegit
1916 3937 2120 3998 eaque
2177 3937 2344 3999 quae
2403 3918 2664 3983 retinuit
2718 3918 2992 3983 barbare
3051 3917 3300 3983 inflavit
3357 3925 3424 3983 et
3479 3918 3680 3982 auxit.
3776 3915 4052 3999 denique
4113 3920 4183 3981 ut
4238 3935 4361 3979 uno

1115 4036 1309 4101 verbo
1354 4036 1600 4120 dicam,
1651 4037 1916 4103 historia
1960 4038 2234 4103 Gothica
2277 4058 2319 4102 a
2363 4038 2793 4120 CassiodoriO,
2848 4045 2916 4103 ut
2958 4038 3099 4123 ipse
3141 4039 3266 4122 ait,
3320 4040 3607 4104 Romana
3652 4039 3823 4104 facta
3866 4059 3980 4123 per
4022 4036 4358 4102 Iordanem

1115 4157 1287 4223 facta
1330 4164 1430 4223 est
1471 4159 1816 4224 Moesiaca.

1286 4625 1591 4693 Iordanes
1644 4648 1789 4692 cum
1850 4633 1919 4692 ut
1973 4627 2229 4692 infimus
2271 4633 2612 4708 ‚auctorum
2671 4627 3132 4708 Romanorum,
3193 4628 3285 4693 ita
3344 4647 3424 4692 ex
3485 4627 3725 4692 ultimis
3785 4627 3869 4692 sit
3925 4646 4143 4692 eorum
4203 4643 4362 4707 quos

1116 4747 1417 4830 antiquae
1462 4748 1659 4813 aetati
1703 4748 2071 4814 adscribere
2116 4748 2420 4828 solemus,
2472 4747 2672 4813 alium
2718 4748 3092 4832 scriptorem
3138 4749 3246 4832 qui
3283 4749 3510 4814 eadem
3542 4755 3754 4814 aetate
3787 4748 4043 4813 libellos
4073 4746 4213 4812 eius
4242 4743 4361 4809 ad-

1115 4869 1397 4936 hibuerit
1437 4871 1683 4935 nullum
1729 4870 2043 4935 habemus
2064 4872 2166 4953 8⁴).
2262 4869 2640 4934 Sscvnmm
2669 4869 3110 4935 Tridentinum
3157 4869 3552 4954 episcopum,
3605 4869 3714 4951 qui
3758 4875 3945 4953 gesta
3990 4866 4366 4950 Langobar-

1118 4991 1342 5056 dorum
1400 4991 1655 5076 scripsit
1699 5011 1751 5056 c.
1804 5012 1865 5055 a.
1919 4993 2077 5072 612,
2145 4996 2257 5055 ant
2300 4991 2511 5074 ipsam
2557 4990 2945 5057 cassiodorii
2989 4989 3325 5056 Gothicam
3382 4989 3709 5055 historiam
3763 4998 3876 5056 aut
3916 4988 4362 5054 Iordanianam

1118 5112 1461 5197 epitomam
1520 5112 1930 5194 aliquatenus
1974 5120 2262 5178 secutum
2307 5130 2451 5178 esse
2495 5118 2560 5177 et
2600 5111 2918 5177 imitatum
2962 5111 3090 5176 alio
3135 5112 3274 5176 loco
3320 5111 3562 5178 conieci
3615 5114 3830 5194 (Neues
3877 5110 4100 5174 Archiv
4145 5108 4271 5174 vol.
4324 5112 4362 5169 5

1118 5253 1179 5297 a..
1224 5235 1386 5298 1880
1434 5255 1499 5317 p.
1538 5235 1678 5316 75);
1732 5232 1849 5298 sed
1894 5233 2082 5297 exilis
2126 5240 2451 5316 gestorum
2496 5232 2750 5298 illorum
2779 5253 2963 5316 *quae
3009 5239 3301 5317 superest
3344 5232 3570 5297 notitia
3613 5238 3685 5298 nt
3727 5233 3897 5298 ultra
3940 5230 4362 5297 coniecturam

1294 5581 1375 5643 83)
1420 5582 1582 5630 Pauca
1618 5593 1745 5641 qnae
1782 5594 1930 5642 supra
1964 5595 2016 5642 p.
2058 5580 2229 5629 XXVI
2266 5582 2377 5630 dixi
2414 5582 2469 5630 in
2506 5582 2696 5630 Geticis
2734 5582 2943 5643 repetiti
2980 5585 3210 5642 excerpta
3247 5595 3310 5629 ex
3348 5579 3574 5629 chronico
3611 5580 4023 5638 metonymiam,
4077 5584 4135 5626 ut
4176 5594 4203 5625 a
4241 5578 4363 5626 Gas-

1122 5668 1332 5717 siodorio
1367 5668 1729 5727 abiudicemus,
1770 5682 1970 5716 causam
2006 5669 2200 5716 nnllam
2236 5683 2346 5716 esse
2382 5669 2456 5717 ibi
2489 5670 2763 5717 observavi.

1301 5752 1384 5815 84)
1426 5754 1717 5813 Gregorium
1757 5754 2098 5803 Turonensem
2136 5769 2232 5804 non
2271 5770 2419 5805 usum
2457 5770 2569 5804 esse
2604 5757 2803 5806 lordani
2840 5756 3023 5805 libellis
3060 5757 3112 5802 in
3149 5755 3455 5816 praefatione
3492 5769 3543 5816 p.
3587 5753 3808 5800 xxxvl
3846 5752 4203 5813 explicuimus.
