4882 6775
412 1618 471 1657 ¹0

413 2134 473 2173 ¹5

411 2648 471 2689 20

412 3164 474 3205 25

1981 482 2281 539 GETICA.
3639 484 3758 545 125

506 693 686 737 arma
730 672 1007 738 hostium
1055 673 1362 739 caedibus
1409 673 1771 755 adquisita,
1836 673 2075 739 faleras
2134 673 2311 737 vario
2369 657 2768 756 gemmarum
2827 671 3075 755 fulgore
3135 673 3489 757 praetiosas
3548 677 3612 736 et
3657 669 3758 735 di·
3804 665 4022 730 XLIX

509 775 677 839 versi
737 775 995 857 generis
1053 776 1366 859 insignia,
1434 777 1667 859 quibus
1724 776 1952 842 colitur
2010 777 2293 841 aulicum
2351 774 2570 841 decus.
2670 783 2766 854 et,
2834 783 2903 840 ut
2946 776 3141 841 tantis
3189 776 3430 841 divitiis
3483 774 3766 840 humana

509 878 847 944 curiositas
877 886 1218 961 arceretur,
1272 880 1451 964 operi
1481 880 1822 963 deputatos
1854 879 2226 945 detestabili
2259 879 2553 944 mercede
2583 879 3006 959 trucidarunt,
3061 879 3447 961 emersitque
3479 897 3766 941 momen-

511 987 705 1046 tanea
749 1002 919 1047 mors
968 983 1430 1065 sepelientibus
1476 1004 1621 1047 cum
1669 984 1943 1066 sepulto.

680 1086 951 1150 Talibus
996 1086 1295 1170 peractis,
1347 1093 1417 1150 ut
1461 1087 1669 1151 solent
1711 1086 1908 1151 animi
1950 1086 2253 1150 iuvenum
2298 1085 2541 1151 ambitu
2574 1084 2904 1170 potentiae*
2929 1084 3253 1165 concitari,
3304 1083 3471 1149 inter
3502 1102 3762 1149 succes-
3808 1079 3859 1143 L
3906 1079 4030 1141 259

511 1206 685 1253 sores
730 1189 970 1253 Attila-e
1016 1189 1095 1254 de
1156 1210 1354 1271 regno
1401 1196 1539 1253 orta
1583 1189 1898 1254 contentio
1943 1196 2073 1270 est,
2141 1195 2206 1253 et
2251 1188 2401 1253 dum
2463 1188 2807 1254 inconsulti
2853 1188 3168 1271 imperare
3216 1188 3483 1272 cupiunt
3529 1186 3761 1266 cuncti,

510 1309 729 1355 omnes
790 1292 978 1356 simul
1026 1292 1360 1375 imperium
1424 1293 1862 1375 perdiderunt.
1959 1292 2053 1356 sic
2113 1292 2481 1373 frequenter
2525 1312 2728 1374 regna
2773 1298 3001 1373 gravat
3061 1292 3245 1376 copia
3302 1312 3494 1374 quam
3551 1289 3769 1374 inopia

510 1412 971 1458 successorum.
1067 1416 1215 1459 nam
1260 1395 1352 1458 fili
1386 1395 1646 1476 Attilae,
1699 1415 1966 1477 quorum
2011 1415 2126 1478 per
2171 1394 2498 1460 licentiam
2544 1394 2834 1459 libidinis
2881 1414 3046 1478 pene
3092 1394 3367 1478 populus
3413 1394 3555 1473 fuit,
3609 1413 3772 1476 gen-

508 1503 605 1561 tes
652 1497 773 1561 sibi
822 1497 1025 1562 dividi
1070 1518 1278 1581 aequa
1324 1505 1491 1563 sorte
1538 1498 1908 1582 poscebant,
1963 1504 2030 1563 ut
2074 1498 2158 1561 ad
2200 1498 2404 1562 instar
2450 1496 2736 1562 familiae
2781 1497 3073 1562 bellicosi
3119 1517 3308 1580 reges
3342 1518 3479 1562 cum
3514 1495 3770 1581 populis

510 1599 909 1664 mitterentur
951 1600 1018 1665 in
1065 1608 1319 1666 sortem.
1417 1602 1588 1683 quod
1634 1600 2130 1684 utGepidarum
2187 1621 2300 1665 rex
2346 1600 2635 1684 conperit
2664 1599 3077 1681 Ardarichus,
3129 1600 3503 1683 indignatus
3549 1599 3629 1664 de
3675 1604 3769 1663 tot
3814 1596 3938 1658 260

510 1701 810 1784 gentibus
882 1704 1058 1768 velut
1130 1703 1586 1769 vilissimorum
1661 1703 2123 1787 mancipiorum
2194 1703 2566 1767 condicione
2641 1703 2934 1776 tractari,
3017 1711 3233 1767 contra
3300 1702 3467 1766 filios
3530 1702 3770 1766 Attilae

510 1804 752 1887 primus
797 1805 1073 1889 insurgit
1116 1807 1513 1889 inlatumque
1561 1806 1883 1872 serviendi
1928 1808 2172 1891 pudore
2219 1816 2439 1871 secuta
2486 1805 2793 1870 felicitate
2840 1806 3125 1885 detersit,
3180 1826 3300 1871 nec
3346 1807 3553 1871 solum
3586 1825 3770 1869 suam

510 1915 801 1991 gentem,
859 1908 976 1974 sed
1021 1916 1086 1974 et
1130 1917 1377 1974 ceteras
1424 1910 1533 1992 qui
1578 1911 1815 1994 pariter
1860 1910 2353 1993 praemebantur
2399 1930 2518 1974 sua
2565 1908 2959 1974 discessione
3005 1909 3318 1989 absolvit,
3379 1909 3529 1991 quia
3576 1907 3770 1973 facile

510 2030 730 2074 omnes
777 2011 1121 2095 adpetunt,
1174 2012 1344 2094 quod
1403 2008 1516 2096 pro
1562 2020 1928 2077 cunctorum
1975 2012 2250 2078 utilitate
2296 2018 2667 2096 temptatur.
2760 2012 2827 2075 in
2873 2020 3159 2077 mutuum
3203 2012 3402 2095 igitur
3444 2017 3773 2075 armantur

513 2113 774 2178 exitium
820 2115 1190 2196 bellumque
1237 2115 1648 2181 committitur
1689 2116 1757 2179 in
1801 2116 2135 2181 Pannonia
2181 2114 2362 2179 iuxta
2407 2115 2666 2197 flumen,
2722 2114 2821 2179 cui
2867 2134 3098 2179 nomen
3144 2122 3246 2179 est
3288 2113 3538 2179 Nedao.
3633 2113 3770 2177 illic
3817 2112 3933 2173 261

512 2235 854 2281 concursus
900 2217 1108 2283 factus
1156 2226 1255 2283 est
1298 2219 1585 2301 gentium
1631 2218 1974 2299 variarum,
2030 2238 2191 2300 quas
2223 2218 2427 2283 Attila
2470 2218 2537 2282 in
2572 2238 2689 2282 sua
2720 2224 3012 2282 tenuerat
3042 2217 3316 2283 dicione.
3398 2217 3774 2281 dividuntur

510 2339 712 2402 regna
758 2340 901 2384 cum
950 2320 1226 2404 populis,
1280 2321 1564 2403 fiuntque
1613 2342 1691 2385 ex
1739 2341 1863 2386 uno
1911 2342 2174 2406 corpore
2222 2322 2512 2386 membra
2559 2322 2836 2400 diversa,
2891 2340 3009 2385 nec
3057 2341 3221 2403 quae
3269 2320 3456 2385 unius
3487 2318 3773 2405 passioni

512 2430 1023 2506 conpaterentur,
1075 2423 1193 2489 sed
1238 2444 1402 2507 quae
1450 2424 1664 2488 exciso
1710 2424 1919 2508 capite
1965 2425 2033 2488 in
2078 2425 2353 2489 invicem
2400 2425 2791 2501 insanirent3
2845 2443 3011 2505 quae
3056 2444 3403 2506 numquam
3437 2430 3655 2488 contra
3703 2442 3772 2487 se

511 2544 699 2609 pares
742 2526 1157 2609 invenerant,
1225 2527 1346 2592 nisi
1406 2527 1536 2610 ipsi
1582 2528 1818 2592 mutuis
1866 2547 1935 2591 se
1981 2528 2352 2592 vulneribus
2413 2528 2781 2592 sauciantes
2827 2546 2896 2592 se
2940 2527 3116 2610 ipsos
3163 2527 3604 2610 discerperent
3647 2526 3775 2590 for-

513 2629 799 2693 tissimae
860 2630 1179 2694 nationes.
1271 2651 1420 2694 nam
1483 2630 1571 2693 ibi
1628 2630 2077 2695 admirandum
2138 2651 2281 2695 reor
2342 2631 2545 2695 fuisse
2608 2631 3076 2713 spectaculum,
3146 2630 3257 2694 ubi
3317 2649 3576 2693 cernere
3637 2633 3777 2693 erat

514 2731 713 2796 contis
758 2740 1148 2815 pugnantem
1185 2731 1485 2809 Gothum,
1540 2753 1693 2798 ense
1739 2734 2054 2799 furentem
2089 2733 2362 2818 Gepida,
2417 2734 2486 2797 in
2529 2735 2794 2798 vulnere
2842 2753 2956 2797 suo
2988 2734 3242 2815 Rugum
3288 2733 3421 2797 tela
3468 2732 3776 2815 frangen-

511 2840 658 2913 tem,
713 2835 999 2899 Suavum
1044 2836 1233 2919 pede,
1286 2836 1587 2900 Hunnum
1622 2837 1860 2920 sagitta
1890 2847 2322 2921 praesumere,
2376 2837 2657 2901 Alanum
2689 2837 2892 2920 gravi,
2945 2837 3257 2901 Hei-ulum
3290 2836 3421 2901 levi
3453 2844 3778 2900 armatura

513 2938 716 3003 aciem
778 2939 957 3003 strui.
1055 2947 1199 3022 post
1254 2940 1489 3004 multos
1551 2960 1702 3023 ergo
1761 2960 2123 3022 gravesque
2184 2939 2511 3005 conflictos
2572 2941 2733 3005 favit
2779 2940 3050 3023 Gepidis
3104 2939 3433 3023 inopinata
3477 2938 3766 3003 victoria.
3819 2939 3942 3001 262

513 3061 661 3105 nam
707 3060 850 3105 xxx
881 3040 1013 3105 fere
1060 3042 1242 3107 milia
1286 3050 1417 3107 tam
1448 3043 1821 3107 Hunnorum
1867 3063 2059 3125 quam
2106 3043 2375 3107 aliarum
2420 3043 2730 3125 gentium,
2784 3062 2949 3126 quae
2981 3042 3233 3106 Hunnis
3265 3041 3561 3107 ferebant
3591 3042 3776 3105 auxi-

512 3143 687 3223 lium,
741 3145 1032 3208 Ardarici
1078 3145 1339 3227 gladius
1385 3145 1901 3230 conspiratioque
1947 3146 2243 3230 peremit.
2336 3146 2402 3210 in
2450 3166 2577 3227 quo
2624 3145 2866 3229 proelio
2912 3145 3083 3210 filius
3112 3145 3353 3209 Attilae
3388 3144 3589 3209 maior
3617 3151 3774 3208 natu

512 3247 766 3313 nomine
812 3247 999 3311 Ellac
1059 3248 1399 3325 occiditur,
1462 3269 1652 3330 quem
1712 3254 1956 3313 tantum
2025 3268 2261 3333 parens
2308 3268 2499 3332 super
2559 3249 2790 3314 citeros
2835 3267 3088 3314 amasse
3148 3248 3636 3333 perhibebatur,
3706 3252 3776 3310 ut

512 3370 654 3416 eum
702 3350 948 3416 cunctis
995 3350 1393 3434 diversisque
1440 3352 1661 3418 liberis
1707 3352 1841 3417 suis
1888 3354 1953 3417 in
2000 3372 2198 3436 regno
2243 3352 2589 3437 preferret;
2643 3352 2760 3418 sed
2803 3372 2930 3417 non
2961 3350 3081 3417 fuit
3111 3358 3261 3417 vota
3291 3350 3493 3436 patris
3522 3350 3776 3415 fortuna

510 3455 941 3519 consentiens.
1036 3476 1184 3519 nam
1231 3463 1380 3540 post
1425 3457 1663 3520 multas
1710 3456 1990 3522 hostium
2039 3456 2231 3521 cedes
2278 3456 2370 3521 sic
2414 3456 2687 3521 viriliter
2730 3475 2872 3521 eum
2922 3463 3169 3520 constat
3213 3461 3649 3540 peremptum,
3705 3459 3775 3518 ut

510 3564 638 3622 tam
700 3557 1051 3641 gloriosum
1098 3559 1407 3643 superstis
1452 3566 1636 3643 pater
1678 3566 1963 3645 optasset
2005 3559 2352 3624 interitum.
2449 3560 2681 3643 reliqui
2722 3579 2873 3624 vero
2918 3559 3209 3643 germani
3255 3558 3395 3623 eius
3441 3577 3516 3622 eo
3564 3556 3771 3621 occiso
3818 3560 3942 3622 263

684 3835 737 3881 H
761 3834 806 3882 Ρ
837 3835 876 3881 V
898 3835 940 3882 L
972 3835 1149 3897 (defien
1174 3835 1231 3885 21
1265 3839 1318 3885 tn
1344 3838 1672 3899 pugnantem)
1705 3838 1746 3883 A
1780 3835 1822 3883 O
1849 3837 1894 3883 Β
1918 3838 1966 3884 Χ
1996 3838 2063 3898 (Υ
2082 3838 2161 3899 Ζ).

687 3971 709 4021 1
752 3973 1011 4035 adquesita
1053 3972 1095 4020 O
1301 3975 1517 4023 falernus
1554 3973 1629 4021 B·
1838 3969 1999 4040 uario]
2034 3974 2264 4022 VLOBX
2276 3975 2325 4032 Y,
2367 3977 2569 4023 uarium
2606 3974 2717 4036 ΗΡ,
2758 3974 3007 4022 uariarum
3045 3974 3091 4019 A
3337 3972 3367 4021 2
3405 3969 3650 4040 aulicum]
3685 3975 3775 4022 sli-

512 4058 640 4119 quod
684 4057 775 4104 OB
985 4064 1036 4106 et
1070 4065 1128 4107 ut
1162 4056 1341 4125 tantis]
1379 4067 1434 4108 ut
1472 4067 1545 4109 tot
1581 4067 1632 4108 et
1668 4062 1824 4110 tantis
1868 4061 1959 4108 OB
2169 4061 2198 4110 3
2237 4062 2490 4109 trucidant
2526 4061 2570 4109 L
2779 4062 3057 4120 emersique
3095 4059 3138 4106 B
3348 4066 3693 4108 momentaneo
3730 4060 3774 4106 B

513 4144 544 4192 5
581 4145 752 4192 solunt
794 4145 846 4205 (2³)
896 4144 965 4191 O‘¹
1192 4145 1223 4194 6
1260 4147 1323 4194 de
1359 4160 1511 4205 regno
1547 4152 1651 4194 orto
1692 4145 1749 4207 P,
1790 4153 1894 4194 orta
1931 4148 1992 4195 de
2028 4161 2179 4208 regno
2217 4146 2261 4194 L
2484 4141 2762 4211 contentio]
2798 4145 3041 4193 LAOBX
3053 4146 3101 4206 Y,
3144 4147 3307 4193 contio
3345 4145 3487 4192 HPV
3690 4147 3773 4193 in·

512 4231 737 4278 consulte
778 4231 820 4277 A
1030 4233 1198 4279 cuncti
1236 4245 1333 4281 om.
1365 4233 1411 4278 A
1644 4231 1671 4279 7
1713 4246 1859 4280 omne
1899 4233 1993 4279 XZ
2204 4233 2527 4294 frequencius
2566 4234 2611 4279 A
2822 4226 2983 4296 copia]
3019 4232 3137 4293 plus
3175 4233 3315 4293 copis
3353 4232 3399 4277 B
3609 4231 3638 4281 8
3677 4237 3770 4279 att.

512 4318 605 4365 mii
633 4318 677 4363 A
887 4313 1136 4382 libidinis]
1174 4318 1345 4367 libinis
1379 4318 1438 4377 O,
1469 4332 1567 4366 om.
1597 4317 1669 4366 La
1879 4317 1909 4366 9
1948 4314 2131 4382 aequa]
2167 4319 2315 4366 etiam
2344 4319 2394 4365 X
2406 4318 2485 4365 YZ
2695 4319 2931 4380 poscebat
2954 4316 3030 4363 B‘
3237 4313 3417 4383 instar]
3453 4319 3634 4366 iuistar
3663 4318 3705 4364 O

512 4404 733 4463 belligosi
775 4403 817 4450 O
1060 4405 1193 4463 regis
1235 4403 1322 4450 OB
1556 4418 1669 4451 cum
1708 4417 1820 4465 pop.
1862 4417 1959 4452 om.
1991 4404 2035 4451 L
2281 4403 2343 4451 10
2380 4406 2681 4451 mitarentur
2723 4402 2765 4450 O
2995 4405 3122 4465 quod
3162 4400 3244 4469 ut]
3280 4405 3499 4466 quodum
3543 4404 3602 4463 O,
3644 4404 3773 4465 quod

513 4489 629 4536 dum
666 4488 714 4535 B
922 4485 1168 4554 conperit]
1205 4491 1393 4551 coperit
1419 4490 1481 4550 Χ,
1525 4491 1714 4550 ceperit
1746 4489 1788 4536 O
1997 4490 2247 4537 ardaricus
2273 4488 2463 4537 LAOB
2672 4490 2734 4536 de
2772 4495 2847 4537 tot
2882 4503 2930 4549 g.
2968 4489 3077 4539 ind.
3124 4490 3216 4537 OB
3429 4489 3483 4539 11
3528 4490 3774 4538 conditio-

514 4588 627 4621 nem
668 4574 711 4621 L
945 4573 1006 4623 12
1044 4577 1277 4635 insurget
1318 4575 1360 4622 O
1585 4575 1851 4637 inlataque
1894 4575 1950 4632 P,
1992 4577 2246 4636 inlatoque
2283 4576 2329 4621 B
2538 4577 2784 4629 seruienti
2821 4575 2866 4622 P
3069 4571 3277 4641 pudore]
3315 4574 3570 4630 HPVOB,
3613 4577 3775 4638 pudo-

511 4674 612 4709 rem
648 4661 791 4709 LAX
803 4661 842 4708 Y
1042 4657 1238 4726 secuta]
1274 4663 1408 4709 sicut
1444 4677 1473 4708 a
1514 4660 1605 4708 OB
1812 4658 2047 4727 detersit]
2083 4662 2321 4709 discessit
2361 4659 2452 4708 OB
2661 4663 2823 4710 solum
2861 4676 2952 4710 sus
2986 4667 3136 4722 gente
3178 4661 3236 4722 O,
3279 4663 3435 4709 solam
3472 4676 3611 4710 suam
3649 4675 3774 4721 gen-

511 4753 611 4795 tem
652 4747 717 4809 B,
770 4761 910 4795 susm
948 4748 1102 4794 solum
1140 4753 1345 4806 gentem
1380 4747 1424 4793 A
1709 4745 1768 4794 13
1818 4743 1929 4812 qui]
1978 4761 2103 4808 quae
2145 4746 2390 4793 AOBXY
2645 4748 2958 4796 disce*sione
3000 4746 3042 4794 O
3306 4744 3449 4812 quia]
3494 4762 3640 4809 quam
3684 4747 3775 4794 OB

518 4833 576 4881 14
611 4829 765 4899 quod]
802 4836 889 4894 qui
934 4832 1040 4895 OB,
1084 4848 1211 4893 quae
1249 4834 1291 4879 A
1505 4838 1815 4895 temptantur
1842 4832 1986 4879 AOB
2200 4832 2261 4881 15
2298 4833 2517 4893 bellique
2545 4834 2590 4880 A
2799 4829 2981 4898 nedae]
3016 4832 3408 4892 HPVLAXYZ‚
3450 4840 3594 4881 netao
3637 4820 3768 4893 08⁶,

512 4925 658 4968 ueteo
694 4918 769 4966 B·
1052 4918 1110 4967 17
1150 4919 1367 4980 populus
1404 4918 1447 4966 L
1716 4915 1969 4984 fiuntque]
2006 4919 2137 4966 flunt
2175 4920 2220 4965 A
2484 4915 2599 4984 nec]
2638 4932 2736 4966 non
2777 4921 2822 4965 A
3080 4914 3326 4985 passioni]
3363 4921 3689 4982 compassioni
3729 4921 3775 4967 A

515 5004 575 5054 18
611 5011 943 5067 conparentur
987 5004 1030 5051 O
1238 4999 1389 5070 quae]
1426 5018 1572 5064 quem
1615 5003 1657 5050 O
1864 5005 1917 5051 in
1956 5017 2052 5053 om.
2084 5003 2276 5051 LAXY
2485 5006 2799 5052 insanisrent
2841 5004 2883 5051 O
3106 5004 3168 5054 19
3205 5020 3374 5067 parem
3415 5004 3458 5052 L
3666 5007 3775 5066 ipse

514 5091 649 5139 PLA
857 5105 911 5138 se
946 5104 1042 5139 om.
1074 5091 1173 5137 ΧΥ
1372 5091 1655 5137 sauciarent
1689 5088 1734 5136 L
1943 5092 2079 5150 ipsas
2118 5089 2266 5137 BXY
2466 5090 2754 5152 discerpent
2795 5089 2838 5137 O
3064 5089 3128 5138 20
3167 5092 3516 5139 admirandum
3551 5105 3648 5140 om.
3686 5090 3774 5138 OB

511 5177 569 5227 21
611 5179 806 5225 cunctis
847 5175 937 5223 OB
1144 5171 1290 5240 ense]
1325 5189 1416 5223 ens
1461 5175 1503 5222 O
1710 5171 1910 5242 gepida]
1947 5176 2157 5236 HPVO,
2199 5177 2428 5237 gepidam
2469 5176 2612 5223 ABX
2623 5177 2665 5223 Y
2877 5191 2968 5225 suo
3005 5173 3206 5243 rugum]
3243 5191 3508 5224 suorucum
3551 5176 3608 5238 O,
3653 5191 3773 5226 suo-

509 5278 619 5312 rum
655 5268 834 5311 cuncta
869 5263 915 5308 B
1146 5259 1211 5309 22
1251 5275 1461 5309 suenum
1501 5262 1546 5308 A
1755 5261 1933 5323 pedem
1972 5263 2212 5309 AOXYZ
2420 5263 2650 5322 sagittam
2691 5263 2738 5309 Χ
2751 5263 2827 5309 YZ
3034 5264 3266 5311 balanum
3304 5264 3444 5311 XYZ
3654 5277 3775 5311 eru-

509 5351 611 5397 lum
654 5349 743 5396 OB
951 5346 1017 5396 23
1054 5343 1206 5412 strui]
1243 5353 1437 5394 struere
1465 5347 1528 5409 A,
1570 5348 1756 5395 instrui
1798 5346 1857 5407 O,
1899 5349 2147 5396 instruere
2185 5349 2231 5394 B
2439 5349 2708 5408 grauisque
2751 5347 2793 5395 O
3001 5345 3276 5414 conflictos]
3314 5349 3469 5407 HPV,
3512 5353 3774 5397 conflictus

510 5435 702 5483 AOBX
715 5436 756 5483 Y
957 5435 1095 5481 fauet
1131 5434 1179 5479 Χ
1382 5433 1587 5493 gepidos
1624 5434 1666 5479 A
1895 5432 1960 5481 24
1999 5447 2209 5481 unorum
2248 5434 2290 5480 A
2502 5435 2696 5481 serebat
2732 5433 2822 5481 OB
3048 5434 3113 5483 25
3151 5433 3579 5502 conspiratioque]
3616 5437 3767 5495 XYZ,

508 5523 890 5585 conspiratuque
928 5519 1133 5578 HPVA,
1174 5520 1666 5581 conspiratorumque
1708 5518 1798 5565 OB
2007 5516 2156 5585 natu]
2194 5526 2279 5566 nat
2318 5521 2360 5566 A
2591 5518 2655 5569 26
2693 5520 2798 5568 elac
2841 5519 2899 5582 O,
2943 5521 3100 5568 hellac
3137 5522 3182 5569 A
3393 5518 3594 5587 parens]
3634 5529 3774 5583 pater

512 5608 602 5655 OB
810 5602 1014 5672 citeros]
1052 5605 1159 5666 ΗΡ,
1200 5611 1391 5652 ceteros
1425 5606 1515 5654 rel.
1746 5605 2106 5667 perhibebetur
2150 5607 2249 5665 (sic)
2292 5593 2361 5652 Bb
2589 5604 2652 5654 27
2693 5602 2885 5671 liberis]
2922 5608 3039 5654 filiis
3082 5607 3173 5654 OB
3402 5613 3518 5656 uoto
3563 5608 3765 5669 OBXY,

508 5697 638 5743 uotis
666 5695 710 5741 A
922 5691 986 5741 28
1025 5706 1139 5740 eum
1164 5705 1262 5739 om.
1292 5692 1334 5737 A
1548 5690 1613 5740 29
1652 5687 1923 5758 superstis]
1954 5691 2013 5750 O,
2045 5693 2293 5753 suprestis
2316 5691 2428 5752 ΗΡ,
2462 5695 2738 5753 supraestis
2773 5694 2826 5753 V,
2870 5695 3194 5755 superstitem
3223 5696 3286 5755 A,
3329 5702 3585 5756 superstes
3609 5696 3714 5766 rel.⁴

506 5781 718 5843 optassit
759 5780 800 5827 O
