4882 6775
1060 494 1144 558 48
2505 493 2868 550 IOBDANIS

1063 681 1234 765 quod
1301 689 1522 748 contra
1579 683 1852 749 Parthos
1910 685 2332 750 Romanorum
2400 684 2634 751 fuisset
2692 692 2946 768 gestum
3006 684 3381 768 sudoribus,
3456 706 3574 770 per
3626 683 3923 750 Rufinum
3981 682 4317 769 patricium

1063 807 1302 871 perque
1346 787 1816 871 Hermogenem
1875 788 2251 871 magistrum
2317 789 2671 854 officiorum
2729 797 2796 854 et
2851 798 3189 870 utrumque
3250 791 3534 872 legatum
3595 788 3904 854 directum
3950 808 3991 852 a
4032 786 4318 872 principe

1063 911 1189 975 pax
1248 889 1506 975 depicta
1563 899 1663 956 est
1719 891 2072 974 foedusque
2134 891 2360 957 initum
2422 900 2488 957 et
2545 913 2814 957 munera
2870 893 2952 957 ab
3013 900 3282 974 utroque
3341 893 3465 958 sibi
3523 893 3731 957 invice
3789 891 4076 976 principe
4134 890 4320 954 disti-

900 993 1025 1057 366
1062 1000 1232 1059 nata.
1273 997 1298 1077 ΙΙ
1329 1016 1476 1058 mox
1523 1015 1776 1077 quoqne
1822 995 2029 1060 soluto
2075 995 2156 1060 de
2203 994 2515 1060 Orientali
2561 1003 2744 1079 parte
2788 994 3074 1060 exercitu
3119 996 3397 1060 eundem
3443 995 3790 1076 ductorem,
3842 1014 4028 1077 quem
4075 992 4315 1057 dudum
4345 991 4582 1082 {2222
4615 1043 4686 1079 ω

998 1119 1024 1157 5
1062 1097 1306 1163 Orienti
1351 1098 1809 1180 transmiserat,
1868 1097 2067 1180 elegit
2113 1098 2536 1179 Belesarium,
2590 1099 2692 1162 cui
2738 1118 3114 1162 numerosos
3158 1097 3664 1181 fortissimosque
3709 1098 3953 1161 milites
3996 1096 4318 1179 deputatis

1059 1199 1146 1265 ad
1201 1202 1545 1266 australem
1590 1202 1850 1286 plagam
1898 1208 2115 1265 contra
2158 1201 2489 1266 Vandalos
2533 1201 2748 1265 mittit.
2845 1221 2972 1283 quo
3025 1201 3283 1266 favente
3329 1201 3451 1267 deo
3494 1222 3622 1283 qua
3666 1206 3934 1266 venerat
3979 1200 4310 1280 facilitate,

1062 1324 1142 1369 ea
1199 1305 1524 1370 celeritate
1569 1303 1900 1369 Vandalos
1958 1305 2320 1389 superavit,
2388 1305 2788 1388 Lybiamque
2847 1304 2934 1370 ad
2994 1326 3224 1390 corpus
3281 1305 3478 1370 totius
3533 1306 3627 1371 rei
3675 1304 3974 1388 publicae
4019 1303 4312 1385 iungens,

1062 1407 1348 1473 Gelimer
1405 1429 1622 1491 regem
1684 1427 1964 1492 opesque
2011 1409 2423 1491 Chartaginis
2476 1408 2545 1472 in
2593 1410 2748 1473 urbe
2794 1409 2977 1491 regia
3020 1410 3295 1494 principi
3345 1414 3676 1493 spectante
3719 1409 3956 1492 populo
4001 1406 4249 1490 optulit.
4301 1402 4323 1487 ΙΙ

1060 1511 1242 1576 cuius
1287 1517 1437 1575 notu
1482 1519 1923 1576 remuneratus
1970 1513 2320 1594 consulque
2365 1512 2731 1576 ordinarius
2776 1532 2922 1576 mox
2970 1512 3386 1594 designatus,
3455 1511 3537 1576 de
3582 1511 3904 1575 manubiis
3949 1509 4319 1575 Vandalicis
4345 1524 4467 1563 113⁸.

965 1633 1022 1672 ιο
1060 1614 1428 1679 Belesarius
1472 1613 1910 1698 triumphavit.

902 1717 1026 1779 367
1233 1718 1309 1780 In
1367 1717 1558 1781 Italia
1616 1737 1767 1781 vero
1829 1716 2227 1782 Theodorico
2285 1738 2443 1799 rege
2503 1717 2803 1782 defuncto
2860 1718 3271 1782 Athalaricus
3328 1738 3533 1803 nepus
3591 1719 3731 1782 eius
3789 1717 3931 1801 ipso
3990 1714 4321 1781 ordinante
4350 1730 4458 1769 Get.
4486 1730 4574 1770 ³⁰⁴

1063 1820 1404 1900 successit,
1474 1828 1615 1885 octo
1677 1839 1881 1884 annos
1941 1819 2234 1902 quamvis
2292 1821 2626 1904 pueriliter
2685 1821 2914 1887 vivens
2970 1829 3173 1886 matre
3233 1829 3449 1886 tamen
3506 1829 3770 1904 regente
3814 1817 4322 1885 Amalasuentha
4348 1844 4386 1873 e.
4418 1836 4500 1874 3⁰5

901 1924 1025 1986 368
1063 1922 1377 2005 degebat,
1460 1922 1717 2004 qnando
1793 1930 1858 1987 et
1915 1922 2168 1987 Gallias
2242 1924 2354 1988 diu
2413 1932 2625 1989 tentas
2693 1926 2961 1990 Francis
3024 1926 3463 2009 repetentibus
3529 1924 3835 1989 reddidit.
3956 1929 4324 2004 mortuoque
4352 1948 4391 1977 e.
4423 1938 4504 1977 ³0ss

1063 2026 1431 2091 Athalarico
1489 2034 1693 2091 mater
1752 2046 1871 2091 sua
1913 2026 2423 2092 Theodahadum
2486 2029 2937 2092 consubrinum
2998 2048 3184 2092 suum
3244 2028 3427 2110 regni
3488 2028 3587 2093 sui
3645 2026 4021 2113 participem
4080 2024 4324 2089 faciens

966 2150 1022 2189 ιδ
1060 2149 1185 2195 non
1240 2138 1388 2213 post
1444 2131 1714 2195 multum
1771 2129 1913 2215 ipso
1973 2130 2234 2195 iubente
2297 2131 2509 2195 occisa
2567 2137 2685 2195 est.
2783 2138 2848 2195 et
2898 2131 3050 2212 quia
3108 2131 3350 2195 dudum
3411 2151 3481 2195 se
3542 2151 3783 2214 suoque
3828 2130 3960 2194 filio
4005 2148 4390 2193 commen-c·
4422 2145 4500 2185 των

1061 2233 1328 2298 daverat
1386 2232 1656 2318 principi
1717 2233 2112 2316 lastiniam,
2179 2233 2238 2297 is
2298 2243 2565 2298 mortem
2626 2233 2767 2297 eius
2828 2234 3102 2298 audiens
3162 2232 3366 2298 doluit
3425 2254 3543 2298 nec
3604 2253 3837 2319 passus
3898 2239 3999 2298 est
4054 2233 4321 2296 inultum

1059 2335 1355 2400 transire.
1451 2335 1569 2400 sed
1612 2356 1761 2401 mox
1806 2337 2081 2402 eundem
2129 2336 2358 2401 ducem
2412 2336 2606 2419 belli,
2668 2338 2779 2420 qui
2824 2339 3178 2402 Poenorum
3240 2336 3514 2402 domitor
3571 2338 3782 2401 fuerat
3839 2344 3904 2401 et
3955 2336 4036 2401 de
4096 2335 4323 2419 opibus

1062 2438 1435 2503 Vandalicis
1495 2439 1897 2523 triumphans
1952 2439 2168 2503 adhuc
2232 2440 2298 2502 in
2367 2438 2654 2504 fascibus
2721 2447 2894 2522 erat,
2969 2439 3211 2523 agmini
3277 2440 3675 2505 diversarum
3743 2457 4144 2524 praeponens
4209 2457 4326 2501 na·-

900 2547 1024 2608 369
1061 2542 1303 2605 tionum
1370 2542 1455 2606 ad
1522 2550 1738 2626 partes
1805 2542 2155 2626 Hesperias
2223 2541 2599 2608 destinavit.
2689 2543 2796 2626 qui
2864 2544 3066 2628 primo
3134 2562 3398 2607 accessu
3466 2564 3613 2607 mox
3680 2542 3965 2607 Siciliam
4033 2539 4325 2625 pervadit
4350 2570 4388 2598 c.
4420 2558 4502 2597 :sos

962 2667 1023 2709 πο
1064 2645 1225 2709 duce
1291 2645 1430 2709 eius
1492 2645 1817 2710 Sinderith
1885 2655 2222 2730 superato:
2282 2647 2306 2731 ΙΙ
2362 2647 2472 2712 ubi
2533 2648 2686 2712 dum
2745 2649 3143 2731 aliquantum
3204 2646 3511 2731 temporis
3571 2647 3650 2710 ob
3718 2646 4139 2711 ordinandam
4207 2665 4322 2728 pa-
4350 2641 4595 2733 {ssnfim-
4626 2696 4709 2733 Μ,

1061 2747 1247 2813 triam
1292 2748 1652 2831 resederet,
1720 2750 2010 2833 conperit
2065 2750 2132 2813 in
2177 2750 2398 2814 Africa
2444 2751 2661 2815 civilia
2705 2751 2883 2816 bella
2926 2750 3356 2833 intestinoque
3402 2750 3643 2834 proelio
3690 2749 4077 2814 dibacchari.
4171 2768 4314 2811 nam

1062 2852 1314 2917 Stotzas
1369 2871 1535 2936 pene
1597 2852 1859 2917 ultimus
1917 2853 2192 2918 militum
2252 2861 2318 2919 et
2360 2855 2621 2919 Martini
2683 2855 3026 2919 clientulus
3083 2875 3257 2937 mag.
3321 2854 3484 2933 mil.,
3551 2852 3956 2935 tyrannidem
4011 2851 4321 2935 arripiens

1061 2961 1406 3035 auctorque
1467 2954 1919 3020 seditiosorum
1980 2958 2248 3022 effectus
2309 2957 2626 3041 Cyrillum
2673 2958 3047 3022 Marcellum
3079 2958 3327 3023 ,Faram
3387 2957 3677 3038 aliosque
3733 2955 4020 3020 diversos
4078 2954 4323 3019 iudices

960 3079 1019 3119 2⁴
1061 3055 1208 3121 dolo
1267 3057 1618 3141 peremptis
1676 3058 1741 3122 in
1802 3057 1964 3124 duce
2020 3061 2358 3125 Solomone
2420 3062 2753 3126 saeviebat
2810 3068 3136 3143 totamque
3196 3060 3480 3125 Africam
3537 3060 3870 3143 tyrannico
3928 3059 4053 3124 ritu
4112 3064 4327 3122 vasta-

900 3166 1025 3226 370
1061 3161 1195 3225 bat.
1290 3180 1551 3225 emenso
1611 3182 1764 3244 ergo
1811 3164 2182 3229 Belesarius
2236 3186 2278 3228 a
2322 3164 2547 3229 Sicilia
2600 3165 2668 3228 in
2714 3164 2935 3230 Africa
2979 3165 3213 3248 pelago
3260 3164 3449 3228 solita
3492 3162 3836 3241 felicitate,
3903 3162 4180 3226 rebelles
4223 3160 4325 3223 fu-

1060 3272 1192 3346 gat,
1247 3264 1638 3348 provinciam
1685 3266 1918 3331 liberat
1962 3267 2496 3351 Solomonemque
2542 3287 2794 3332 rursum
2840 3268 3234 3349 Chartagine
3281 3268 3623 3331 conlocans
3668 3265 3954 3330 Siciliam
4000 3262 4167 3328 redit
4190 3267 4256 3343 ¹).
4306 3262 4328 3347 [Ι

1060 3367 1170 3433 ubi
1228 3389 1375 3433 mox
1433 3368 1759 3434 Evermud
1817 3369 2238 3436 Theodahadi
2301 3371 2653 3438 Gothorum
2722 3372 2896 3456 regis
2952 3393 3188 3456 gener,
3263 3370 3372 3453 qui
3431 3368 3783 3434 contrarius
3842 3389 3981 3434 cum
4041 3367 4323 3433 exercitu
4351 3382 4455 3423 Gen
4485 3384 4569 3423 sub

1062 3479 1354 3553 venerat,
1424 3492 1692 3536 cernens
1753 3475 2239 3557 prosperitatem
2301 3476 2586 3540 consulis
2633 3477 2798 3540 ultro
2844 3496 2914 3540 se
2961 3475 3046 3539 ad
3092 3482 3311 3559 partes
3356 3473 3536 3538 dedit
3579 3472 3837 3538 victoris
3882 3473 4315 3551 hortaturque,
4351 3499 4391 3526 ο.
4424 3489 4505 3528 3⁰⁹

1063 3582 1131 3638 ut
1189 3574 1316 3638 iam
1377 3575 1790 3640 anhelantem
1854 3578 2079 3660 suique
2137 3578 2446 3644 adventui
2506 3587 2871 3663 suspectam
2933 3578 3302 3643 subveniret
3345 3577 3625 3641 Italiam.
3687 3577 3711 3661 ΙΙ
3765 3582 4122 3640 constructo
4175 3593 4325 3654 ergo
4353 3571 4556 3664 ξὲΝόά·
4589 3626 4665 3664 3„

964 3702 1024 3740 ao
1066 3678 1434 3743 Belesarius
1494 3679 1779 3744 exercitu
1843 3687 1908 3745 et
1962 3687 2096 3746 tam
2156 3682 2375 3746 navali
2433 3702 2628 3764 quam
2687 3681 2951 3765 equistri
2998 3682 3256 3765 agmine
3303 3681 3608 3759 ductans,
3676 3679 3948 3743 vallavit
3989 3678 4326 3762 Neapolim

1067 3781 1420 3864 paucisque
1487 3782 1716 3848 diebus
1784 3804 1927 3849 eam
1994 3784 2297 3850 obsidens
2362 3806 2479 3869 per
2543 3784 3017 3868 aquaeductum
3078 3792 3269 3849 noctu
3327 3783 3564 3848 invasit
3623 3789 3688 3846 et
3744 3789 3875 3846 tam
3933 3781 4162 3845 Gothis
4219 3781 4327 3863 qui

905 3891 1016 3951 37¹
1065 3884 1337 3950 aderant
1400 3905 1592 3966 quam
1660 3887 1964 3951 Romanis
2031 3889 2497 3953 rebellantibus
2565 3889 2919 3953 interfectis
2990 3888 3211 3952 urbem
3279 3888 3652 3972 plenissime
3720 3885 4038 3970 spoliavit.
4161 3881 4329 3964 qnod

1244 4163 1295 4209 H
1322 4163 1366 4209 P
1394 4162 1494 4209 VS
1523 4165 1574 4224 (a
1608 4163 1640 4211 4
1678 4166 1809 4225 mox)
1844 4164 1884 4210 L
1923 4164 2181 4224 Prot-ulfus
2219 4167 2267 4223 2,
2311 4168 2359 4226 5,
2405 4167 2462 4212 21
2512 4167 2560 4227 (a
2596 4165 2627 4215 3
2665 4169 2801 4230 pax).

1252 4301 1273 4349 1
1317 4307 1524 4361 gentum
1569 4300 1613 4346 P
1835 4300 1865 4349 2
1902 4318 1930 4350 a
1967 4305 2242 4365 principem
2282 4303 2440 4365 HPV,
2484 4306 2544 4352 ad
2579 4306 2858 4367 principem
2897 4305 2941 4352 L
3160 4305 3191 4353 3
3229 4301 3449 4370 depicta]
3485 4305 3535 4351 id
3569 4308 3637 4350 cst
3673 4304 3908 4364 depecta:
3949 4302 4157 4362 depacta
4194 4298 4330 4348 Mar-

1071 4389 1277 4435 caltinus
1513 4403 1721 4436 numera
1765 4389 1806 4436 V
2044 4386 2237 4454 inuice]
2273 4389 2430 4451 HPV,
2474 4393 2697 4438 inuicem
2737 4391 2779 4438 L
3026 4391 3056 4439 5
3094 4393 3304 4438 orientis
3343 4389 3525 4438 IIPVS
3752 4389 3964 4436 belisar-
4004 4387 4047 4434 L
4081 4397 4262 4448 semper

1072 4474 1334 4535 deputatos
1371 4473 1414 4521 L
1623 4475 1655 4523 6
1693 4475 1894 4522 uuand·
1932 4474 1975 4521 L
2011 4488 2196 4537 semper
2406 4476 2433 4523 7
2474 4477 2773 4538 lybysmque
2812 4478 2956 4537 PVS,
3000 4479 3269 4538 libismque
3299 4477 3341 4524 L
3549 4477 3579 4524 9
3618 4471 3765 4540 notu]
3801 4475 3911 4522 libra·
4124 4473 4177 4522 11
4218 4487 4331 4532 rege

1073 4575 1168 4610 om.
1201 4560 1243 4607 L
1458 4557 1518 4607 12
1556 4557 1784 4625 regente]
1821 4559 2016 4620 HPVS,
2060 4568 2299 4620 regnante
2337 4562 2444 4621 Fr„
2485 4578 2580 4611 om.
2614 4563 2656 4610 L
2865 4564 3271 4611 amalasuenthae
3308 4563 3375 4622 H,
3417 4562 3831 4610 amalasuuenths
3865 4560 3909 4607 L
3944 4565 3989 4608 et
4023 4563 4091 4607 sic
4125 4574 4328 4619 semper,

1073 4647 1428 4693 Amalasuenta
1465 4647 1545 4694 Fr.
1765 4645 1830 4700 13,
1862 4649 2040 4706 egebat
2074 4646 2116 4692 L
2326 4651 2708 4708 repententibus
2745 4649 2788 4696 L
3001 4647 3061 4697 14
3101 4649 3453 4697 Theodoadum
3492 4648 3576 4696 Fr.
3615 4654 3660 4695 et
3696 4650 3764 4695 sic
3799 4661 3999 4707 semper,
4043 4647 4331 4694 theodatum

1076 4731 1133 4791 1„
1177 4733 1558 4780 theodebaldum
1595 4731 1677 4792 8⁰,
1721 4733 2084 4780 theodahadum
2123 4719 2184 4778 δ”
2417 4733 2476 4781 15
2515 4748 2765 4796 suumque
2802 4735 2965 4782 fllium
3005 4735 3066 4794 L,
3110 4750 3220 4783 cnm
3259 4736 3361 4782 filio
3397 4748 3488 4782 suo
3528 4736 3610 4782 Fr.
3834 4732 4252 4780 commendauerit
4292 4729 4336 4775 P

1079 4816 1141 4866 16
1178 4820 1418 4880 principis
1456 4818 1497 4865 L
1708 4820 1972 4867 iustiniani
2011 4819 2057 4864 P
2260 4819 2374 4868 and.
2420 4827 2563 4869 mort.
2605 4822 2717 4868 eius
2755 4820 2798 4867 L
2870 4840 2885 4850 -
3007 4821 3217 4868 inultam
3259 4823 3339 4869 Fr.
3582 4819 3637 4868 17
3680 4834 3948 4881 paenorum
3986 4818 4134 4877 HPS,
4176 4830 4333 4879 peno-

1075 4919 1184 4951 rum
1227 4904 1267 4951 L
1483 4905 1540 4952 18
1579 4906 1813 4951 nascibus
1839 4906 1876 4952 S
2083 4904 2149 4953 20
2186 4905 2363 4952 ducem
2402 4905 2445 4952 L
2655 4907 2864 4954 sinderit
2904 4908 2945 4954 L
3159 4907 3223 4954 22
3263 4909 3493 4966 magistro
3528 4908 3797 4954 militatum
3835 4905 3946 4952 libri
4154 4903 4215 4952 23
4253 4917 4335 4950 se-

1075 4991 1307 5038 ditiorum
1335 4990 1377 5036 L
1585 4988 1651 5038 24
1688 4997 1967 5051 peremptos
2006 4990 2049 5037 L
2079 4993 2158 5040 F'r.
2373 4992 2502 5039 duce
2539 4989 2809 5058 solomone]
2848 4993 2989 5053 PVS,
3033 4993 3157 5041 duce
3195 4995 3443 5041 salomone
3468 4993 3577 5051 HL,
3622 4993 3800 5039 ducem
3827 4993 4137 5039 Solomonem
4180 4991 4259 5037 Fr.

1077 5072 1357 5141 saeuiebat]
1395 5078 1593 5124 fouebat
1617 5076 1659 5122 L
1867 5077 2019 5123 africa
2050 5075 2134 5124 SL
2343 5076 2408 5125 25
2448 5091 2649 5125 emense
2686 5072 2801 5138 erg‘o
2837 5080 3118 5137 belegarius
3155 5080 3209 5125 H
3415 5075 3591 5143 africa]
3626 5077 3818 5125 HPVL
4023 5076 4089 5125 26
4126 5077 4333 5124 solomo-

1079 5158 1319 5227 nemque]
1355 5163 1467 5209 libri
1674 5177 1846 5209 rursus
1887 5162 1927 5209 L
2136 5161 2198 5210 27
2237 5163 2503 5210 euermuth
2555 5163 2592 5210 V
2797 5163 3096 5231 contrarius]
3134 5173 3304 5212 contra
3340 5180 3454 5212 eum
3498 5166 3575 5213 Fr.
3814 5163 3880 5212 29
3916 5164 4184 5211 anhelante
4229 5163 4265 5210 V

1079 5251 1260 5310 suique
1299 5286 1311 5297 .
1345 5286 1357 5297 .
1394 5287 1404 5296 .
1446 5249 1632 5295 italiam
1678 5249 1837 5308 (italis
1863 5244 1946 5313 Ρ)]
1983 5262 2172 5309 suoque
2210 5249 2431 5296 aduentu
2469 5258 2749 5310 suspectam
2776 5253 2970 5298 ueniret
2996 5252 3055 5298 ad
3084 5253 3279 5299 Italiam
3317 5252 3397 5299 Fr.
3588 5238 3678 5297 *30
3715 5245 3949 5314 ductans]
3986 5249 4081 5306 SL,
4124 5249 4335 5296 ductans

1081 5334 1239 5393 HPV,
1279 5350 1378 5383 om.
1413 5335 1494 5382 Fr.
1708 5333 1766 5382 31
1810 5341 1954 5381 nocte
1993 5334 2036 5381 L
2068 5335 2149 5382 Fr.
2362 5334 2426 5383 32
2465 5336 2717 5384 interfecti
2766 5338 2803 5384 V

1264 5542 1309 5603 1)
1355 5542 1673 5605 (Belesarius)
1716 5543 1786 5589 ibi
1831 5543 1900 5602 (in
1938 5540 2129 5602 Sicilia)
2173 5544 2515 5603 comperiens,
2570 5544 2697 5604 quod
2748 5546 2803 5590 in
2842 5545 3010 5591 Africa
3050 5546 3200 5592 civile
3237 5546 3423 5592 bellum
3463 5545 3685 5592 exoritur
3721 5551 3774 5591 et
3810 5545 3955 5591 miles
3992 5545 4044 5590 in
4082 5543 4337 5603 proprium

1084 5630 1259 5677 ducem
1295 5630 1540 5688 insurgit,
1585 5643 1698 5676 cum
1736 5629 1908 5689 panc-is
1945 5627 2004 5673 ad
2041 5629 2258 5675 Africam
2296 5629 2487 5676 tendit:
2532 5628 2780 5677 Solomoni
2816 5633 2901 5690 qui
2940 5639 3163 5692 praeerat
3199 5631 3465 5679 subvenit:
3508 5633 3786 5679 exercitum
3823 5643 3939 5676 vero
3974 5631 4152 5690 partim
4190 5630 4335 5676 blan-

1084 5715 1294 5774 diendo,
1344 5717 1523 5777 partim
1571 5714 1883 5776 ulciscendo,
1939 5715 2197 5761 inimicum
2247 5720 2511 5774 tyrannum
2562 5715 2824 5774 effugando
2873 5718 2943 5764 rei
2994 5719 3227 5778 publicae
3278 5717 3494 5764 consulit
3530 5718 3739 5764 utilitati
3775 5728 4103 5775 remensoque
4141 5715 4339 5772 navigio

1087 5801 1390 5848 Trinacriam
1429 5800 1557 5847 redit
1595 5798 1915 5848 Marcellinus
1950 5816 1999 5850 a.
2045 5801 2161 5848 535.
