<?xml version="1.0" encoding="UTF-8"?>
<!DOCTYPE html PUBLIC "-//W3C//DTD XHTML 1.0 Transitional//EN"
    "http://www.w3.org/TR/xhtml1/DTD/xhtml1-transitional.dtd">
<html xmlns="http://www.w3.org/1999/xhtml" xml:lang="en" lang="en">
 <head>
  <title>
</title>
<meta http-equiv="Content-Type" content="text/html;charset=utf-8" />
  <meta name='ocr-system' content='tesseract 3.04.00' />
  <meta name='ocr-capabilities' content='ocr_page ocr_carea ocr_par ocr_line ocrx_word'/>
</head>
<body>
  <div class='ocr_page' id='page_1' title='image "./romanaetgetica00mommgoog_0011.png"; bbox 0 0 4882 6775; ppageno 0'>
   <div class='ocr_carea' id='block_1_1' title="bbox 1956 465 3808 535">
    <p class='ocr_par' dir='ltr' id='par_1_1' title="bbox 1956 465 3808 535">
     <span class='ocr_line' id='line_1_1' title="bbox 1956 465 3808 535; baseline -0.001 -15"><span class='ocrx_word' id='word_1_1' title='bbox 1956 465 2415 522; x_wconf 66' lang='lat' dir='ltr'>Paoonmvn.</span> <span class='ocrx_word' id='word_1_2' title='bbox 3686 468 3808 535; x_wconf 80' lang='lat' dir='ltr'>vn</span> 
     </span>
    </p>
   </div>
   <div class='ocr_carea' id='block_1_2' title="bbox 558 690 4230 5343">
    <p class='ocr_par' dir='ltr' id='par_1_2' title="bbox 558 690 3932 3061">
     <span class='ocr_line' id='line_1_2' title="bbox 568 690 3819 778; baseline -0.002 -16"><span class='ocrx_word' id='word_1_3' title='bbox 568 697 792 763; x_wconf 87' lang='lat' dir='ltr'>‘cius’.</span> <span class='ocrx_word' id='word_1_4' title='bbox 884 696 1111 761; x_wconf 91' lang='lat' dir='ltr'>horum</span> <span class='ocrx_word' id='word_1_5' title='bbox 1169 693 1295 759; x_wconf 96' lang='lat' dir='ltr'>duo</span> <span class='ocrx_word' id='word_1_6' title='bbox 1352 692 1543 778; x_wconf 89' lang='lat' dir='ltr'>primi</span> <span class='ocrx_word' id='word_1_7' title='bbox 1598 690 1768 776; x_wconf 92' lang='lat' dir='ltr'>quod</span> <span class='ocrx_word' id='word_1_8' title='bbox 1825 692 2026 757; x_wconf 88' lang='lat' dir='ltr'>sciam</span> <span class='ocrx_word' id='word_1_9' title='bbox 2084 698 2422 777; x_wconf 88' lang='lat' dir='ltr'>praeterea</span> <span class='ocrx_word' id='word_1_10' title='bbox 2474 710 2600 756; x_wconf 93' lang='lat' dir='ltr'>non</span> <span class='ocrx_word' id='word_1_11' title='bbox 2646 698 3247 758; x_wconf 82' lang='lat' dir='ltr'>commemorantur:</span> <span class='ocrx_word' id='word_1_12' title='bbox 3318 693 3559 758; x_wconf 90' lang='lat' dir='ltr'>Bessae</span> <span class='ocrx_word' id='word_1_13' title='bbox 3603 700 3819 759; x_wconf 88' lang='lat' dir='ltr'>autem</span> 
     </span>
     <span class='ocr_line' id='line_1_3' title="bbox 559 811 3820 899; baseline -0.002 -16"><span class='ocrx_word' id='word_1_14' title='bbox 559 817 729 884; x_wconf 90' lang='lat' dir='ltr'>inter</span> <span class='ocrx_word' id='word_1_15' title='bbox 769 815 1059 899; x_wconf 86' lang='lat' dir='ltr'>insignes</span> <span class='ocrx_word' id='word_1_16' title='bbox 1104 813 1302 880; x_wconf 90' lang='lat' dir='ltr'>duces</span> <span class='ocrx_word' id='word_1_17' title='bbox 1346 812 1579 879; x_wconf 90' lang='lat' dir='ltr'>aetatis</span> <span class='ocrx_word' id='word_1_18' title='bbox 1608 811 2006 877; x_wconf 87' lang='lat' dir='ltr'>Iustinianae</span> <span class='ocrx_word' id='word_1_19' title='bbox 2050 811 2290 897; x_wconf 88' lang='lat' dir='ltr'>passim</span> <span class='ocrx_word' id='word_1_20' title='bbox 2337 811 2763 878; x_wconf 90' lang='lat' dir='ltr'>meminerunt</span> <span class='ocrx_word' id='word_1_21' title='bbox 2791 812 3139 897; x_wconf 81' lang='lat' dir='ltr'>Procopius</span> <span class='ocrx_word' id='word_1_22' title='bbox 3183 820 3249 879; x_wconf 90' lang='lat' dir='ltr'>et</span> <span class='ocrx_word' id='word_1_23' title='bbox 3277 811 3594 896; x_wconf 86' lang='lat' dir='ltr'>Agathias</span> <span class='ocrx_word' id='word_1_24' title='bbox 3638 833 3820 879; x_wconf 89' lang='lat' dir='ltr'>eum-</span> 
     </span>
     <span class='ocr_line' id='line_1_4' title="bbox 561 930 3817 1020; baseline -0.001 -18"><span class='ocrx_word' id='word_1_25' title='bbox 561 956 685 1020; x_wconf 88' lang='lat' dir='ltr'>que</span> <span class='ocrx_word' id='word_1_26' title='bbox 727 936 844 1002; x_wconf 90' lang='lat' dir='ltr'>ille</span> <span class='ocrx_word' id='word_1_27' title='bbox 895 935 1110 1017; x_wconf 86' lang='lat' dir='ltr'>(Goth.</span> <span class='ocrx_word' id='word_1_28' title='bbox 1160 938 1222 1016; x_wconf 86' lang='lat'>4,</span> <span class='ocrx_word' id='word_1_29' title='bbox 1279 933 1377 1017; x_wconf 90' lang='lat'>11)</span> <span class='ocrx_word' id='word_1_30' title='bbox 1433 932 1588 998; x_wconf 89' lang='lat' dir='ltr'>dicit</span> <span class='ocrx_word' id='word_1_31' title='bbox 1628 953 1691 997; x_wconf 88' lang='lat' dir='ltr'>a.</span> <span class='ocrx_word' id='word_1_32' title='bbox 1743 935 1865 996; x_wconf 88' lang='grc'>551</span> <span class='ocrx_word' id='word_1_33' title='bbox 1920 931 2226 997; x_wconf 90' lang='lat' dir='ltr'>maiorem</span> <span class='ocrx_word' id='word_1_34' title='bbox 2270 930 2472 997; x_wconf 84' lang='lat' dir='ltr'>fuisse</span> <span class='ocrx_word' id='word_1_35' title='bbox 2518 932 3037 1017; x_wconf 88' lang='lat' dir='ltr'>septuagenario,</span> <span class='ocrx_word' id='word_1_36' title='bbox 3087 931 3194 998; x_wconf 91' lang='lat' dir='ltr'>hic</span> <span class='ocrx_word' id='word_1_37' title='bbox 3247 934 3328 1015; x_wconf 89' lang='lat'>(3,</span> <span class='ocrx_word' id='word_1_38' title='bbox 3383 933 3444 1015; x_wconf 86' lang='lat'>2)</span> <span class='ocrx_word' id='word_1_39' title='bbox 3495 938 3817 1017; x_wconf 90' lang='lat' dir='ltr'>postremo</span> 
     </span>
     <span class='ocr_line' id='line_1_5' title="bbox 562 1052 3811 1137; baseline -0.002 -15"><span class='ocrx_word' id='word_1_40' title='bbox 562 1057 702 1123; x_wconf 90' lang='lat' dir='ltr'>eius</span> <span class='ocrx_word' id='word_1_41' title='bbox 760 1053 1049 1121; x_wconf 83' lang='lat' dir='ltr'>meminit</span> <span class='ocrx_word' id='word_1_42' title='bbox 1106 1052 1391 1120; x_wconf 85' lang='lat' dir='ltr'>referens</span> <span class='ocrx_word' id='word_1_43' title='bbox 1452 1052 1534 1118; x_wconf 92' lang='lat' dir='ltr'>de</span> <span class='ocrx_word' id='word_1_44' title='bbox 1595 1052 1789 1119; x_wconf 81' lang='lat' dir='ltr'>exilio</span> <span class='ocrx_word' id='word_1_45' title='bbox 1847 1053 1987 1118; x_wconf 91' lang='lat' dir='ltr'>eius</span> <span class='ocrx_word' id='word_1_46' title='bbox 2046 1073 2106 1117; x_wconf 90' lang='lat' dir='ltr'>a.</span> <span class='ocrx_word' id='word_1_47' title='bbox 2160 1055 2317 1132; x_wconf 84' lang='lat'>554,</span> <span class='ocrx_word' id='word_1_48' title='bbox 2392 1059 2460 1118; x_wconf 91' lang='grc' dir='ltr'>ιιι</span> <span class='ocrx_word' id='word_1_49' title='bbox 2518 1058 2806 1137; x_wconf 88' lang='lat' dir='ltr'>tempora</span> <span class='ocrx_word' id='word_1_50' title='bbox 2862 1072 3115 1136; x_wconf 90' lang='lat' dir='ltr'>quoque</span> <span class='ocrx_word' id='word_1_51' title='bbox 3175 1060 3349 1119; x_wconf 90' lang='lat' dir='ltr'>recte</span> <span class='ocrx_word' id='word_1_52' title='bbox 3408 1053 3811 1119; x_wconf 88' lang='lat' dir='ltr'>conveniant.</span> 
     </span>
     <span class='ocr_line' id='line_1_6' title="bbox 560 1171 3808 1258; baseline -0.002 -18"><span class='ocrx_word' id='word_1_53' title='bbox 560 1178 689 1240; x_wconf 86' lang='lat' dir='ltr'>iam</span> <span class='ocrx_word' id='word_1_54' title='bbox 736 1175 817 1240; x_wconf 92' lang='lat' dir='ltr'>de</span> <span class='ocrx_word' id='word_1_55' title='bbox 864 1174 1110 1257; x_wconf 90' lang='lat' dir='ltr'>origine</span> <span class='ocrx_word' id='word_1_56' title='bbox 1155 1174 1295 1240; x_wconf 92' lang='lat' dir='ltr'>eius</span> <span class='ocrx_word' id='word_1_57' title='bbox 1341 1173 1436 1239; x_wconf 91' lang='lat' dir='ltr'>sic</span> <span class='ocrx_word' id='word_1_58' title='bbox 1479 1173 1700 1239; x_wconf 81' lang='lat' dir='ltr'><strong>scribit</strong></span> <span class='ocrx_word' id='word_1_59' title='bbox 1742 1172 2090 1258; x_wconf 82' lang='lat' dir='ltr'>Procopius</span> <span class='ocrx_word' id='word_1_60' title='bbox 2145 1172 2317 1256; x_wconf 91' lang='lat' dir='ltr'>(bell.</span> <span class='ocrx_word' id='word_1_61' title='bbox 2356 1171 2549 1237; x_wconf 87' lang='lat' dir='ltr'>Goth.</span> <span class='ocrx_word' id='word_1_62' title='bbox 2590 1176 2647 1253; x_wconf 90' lang='lat'>1,</span> <span class='ocrx_word' id='word_1_63' title='bbox 2693 1176 2806 1247; x_wconf 86' lang='lat'>16;</span> <span class='ocrx_word' id='word_1_64' title='bbox 2861 1172 3157 1238; x_wconf 90' lang='lat' dir='ltr'>similiter</span> <span class='ocrx_word' id='word_1_65' title='bbox 3199 1173 3353 1239; x_wconf 91' lang='lat' dir='ltr'>bell.</span> <span class='ocrx_word' id='word_1_66' title='bbox 3391 1173 3572 1239; x_wconf 88' lang='lat' dir='ltr'>Pers.</span> <span class='ocrx_word' id='word_1_67' title='bbox 3612 1177 3670 1255; x_wconf 85' lang='lat'>1,</span> <span class='ocrx_word' id='word_1_68' title='bbox 3710 1175 3808 1256; x_wconf 80' lang='lat' dir='ltr'>S):</span> 
     </span>
     <span class='ocr_line' id='line_1_7' title="bbox 561 1285 3818 1380; baseline -0.001 -19"><span class='ocrx_word' id='word_1_69' title='bbox 561 1290 732 1369; x_wconf 78' lang='grc' dir='ltr'>οὗτος</span> <span class='ocrx_word' id='word_1_70' title='bbox 778 1294 822 1358; x_wconf 87' lang='grc' dir='ltr'>Γ</span> <span class='ocrx_word' id='word_1_71' title='bbox 824 1292 1001 1367; x_wconf 79' lang='grc' dir='ltr'><strong>ότθος</strong></span> <span class='ocrx_word' id='word_1_72' title='bbox 1048 1294 1154 1379; x_wconf 79' lang='grc' dir='ltr'>μὲν</span> <span class='ocrx_word' id='word_1_73' title='bbox 1200 1285 1273 1379; x_wconf 76' lang='grc' dir='ltr'>ἦν</span> <span class='ocrx_word' id='word_1_74' title='bbox 1319 1295 1489 1379; x_wconf 79' lang='grc' dir='ltr'><strong>γένος</strong></span> <span class='ocrx_word' id='word_1_75' title='bbox 1532 1299 1643 1358; x_wconf 85' lang='grc' dir='ltr'>τῶν</span> <span class='ocrx_word' id='word_1_76' title='bbox 1689 1294 1758 1357; x_wconf 82' lang='grc' dir='ltr'>ἐκ</span> <span class='ocrx_word' id='word_1_77' title='bbox 1802 1296 2066 1358; x_wconf 75' lang='grc' dir='ltr'>παλαιοῦ</span> <span class='ocrx_word' id='word_1_78' title='bbox 2110 1293 2172 1356; x_wconf 83' lang='grc' dir='ltr'>ἐν</span> <span class='ocrx_word' id='word_1_79' title='bbox 2219 1287 2426 1378; x_wconf 72' lang='grc' dir='ltr'>θρᾴκῃ</span> <span class='ocrx_word' id='word_1_80' title='bbox 2476 1287 2842 1378; x_wconf 76' lang='grc' dir='ltr'>ᾠκημένων,</span> <span class='ocrx_word' id='word_1_81' title='bbox 2910 1292 3261 1380; x_wconf 79' lang='grc' dir='ltr'><strong>Θευὸερίχῳ</strong></span> <span class='ocrx_word' id='word_1_82' title='bbox 3307 1318 3371 1358; x_wconf 79' lang='grc' dir='ltr'>τε.</span> <span class='ocrx_word' id='word_1_83' title='bbox 3416 1289 3524 1358; x_wconf 81' lang='grc' dir='ltr'>οὐκ</span> <span class='ocrx_word' id='word_1_84' title='bbox 3571 1295 3818 1359; x_wconf 80' lang='grc' dir='ltr'>ἐπισπο-</span> 
     </span>
     <span class='ocr_line' id='line_1_8' title="bbox 564 1408 3818 1502; baseline -0.001 -21"><span class='ocrx_word' id='word_1_85' title='bbox 564 1419 796 1502; x_wconf 80' lang='grc' dir='ltr'><strong>μένων,</strong></span> <span class='ocrx_word' id='word_1_86' title='bbox 861 1412 1043 1500; x_wconf 77' lang='grc' dir='ltr'><strong>ἡνίκα</strong></span> <span class='ocrx_word' id='word_1_87' title='bbox 1089 1415 1332 1480; x_wconf 75' lang='grc' dir='ltr'>ἐνθένδε</span> <span class='ocrx_word' id='word_1_88' title='bbox 1379 1416 1439 1487; x_wconf 80' lang='grc' dir='ltr'>ἐς</span> <span class='ocrx_word' id='word_1_89' title='bbox 1478 1409 1738 1478; x_wconf 79' lang='grc' dir='ltr'><strong>Ἰταλίαν</strong></span> <span class='ocrx_word' id='word_1_90' title='bbox 1786 1415 1970 1500; x_wconf 78' lang='grc' dir='ltr'>ἐπῆγε</span> <span class='ocrx_word' id='word_1_91' title='bbox 2014 1409 2113 1478; x_wconf 84' lang='grc' dir='ltr'>τὸν</span> <span class='ocrx_word' id='word_1_92' title='bbox 2162 1408 2404 1477; x_wconf 74' lang='grc' dir='ltr'>Γότθων</span> <span class='ocrx_word' id='word_1_93' title='bbox 2451 1408 2727 1497; x_wconf 60' lang='grc' dir='ltr'><strong>λεώνῖθ).</strong></span> <span class='ocrx_word' id='word_1_94' title='bbox 2820 1413 3025 1479; x_wconf 80' lang='lat' dir='ltr'>Bessa</span> <span class='ocrx_word' id='word_1_95' title='bbox 3081 1413 3277 1496; x_wconf 85' lang='lat' dir='ltr'>igitur</span> <span class='ocrx_word' id='word_1_96' title='bbox 3334 1421 3498 1479; x_wconf 81' lang='lat' dir='ltr'>teste</span> <span class='ocrx_word' id='word_1_97' title='bbox 3542 1412 3818 1479; x_wconf 80' lang='lat' dir='ltr'><strong>Iordane</strong></span> 
     </span>
     <span class='ocr_line' id='line_1_9' title="bbox 558 1532 3821 1619; baseline -0.001 -17"><span class='ocrx_word' id='word_1_98' title='bbox 558 1538 626 1602; x_wconf 90' lang='lat' dir='ltr'>in</span> <span class='ocrx_word' id='word_1_99' title='bbox 686 1536 801 1602; x_wconf 85' lang='lat' dir='ltr'>tali</span> <span class='ocrx_word' id='word_1_100' title='bbox 860 1556 930 1602; x_wconf 89' lang='lat' dir='ltr'>re</span> <span class='ocrx_word' id='word_1_101' title='bbox 990 1555 1148 1601; x_wconf 89' lang='lat' dir='ltr'>sane</span> <span class='ocrx_word' id='word_1_102' title='bbox 1208 1534 1521 1619; x_wconf 82' lang='lat' dir='ltr'>locuplete</span> <span class='ocrx_word' id='word_1_103' title='bbox 1577 1553 1658 1599; x_wconf 83' lang='lat' dir='ltr'>ex</span> <span class='ocrx_word' id='word_1_104' title='bbox 1703 1532 2015 1598; x_wconf 84' lang='lat' dir='ltr'>Sarmatis</span> <span class='ocrx_word' id='word_1_105' title='bbox 2074 1532 2204 1598; x_wconf 91' lang='lat' dir='ltr'>illis</span> <span class='ocrx_word' id='word_1_106' title='bbox 2249 1533 2711 1599; x_wconf 87' lang='lat' dir='ltr'>Cemandrisve</span> <span class='ocrx_word' id='word_1_107' title='bbox 2756 1533 3088 1599; x_wconf 89' lang='lat' dir='ltr'>Hunuisve</span> <span class='ocrx_word' id='word_1_108' title='bbox 3145 1533 3452 1600; x_wconf 90' lang='lat' dir='ltr'>oriundus</span> <span class='ocrx_word' id='word_1_109' title='bbox 3504 1534 3570 1599; x_wconf 88' lang='lat' dir='ltr'>in</span> <span class='ocrx_word' id='word_1_110' title='bbox 3616 1532 3821 1599; x_wconf 89' lang='lat' dir='ltr'>Dacia</span> 
     </span>
     <span class='ocr_line' id='line_1_10' title="bbox 564 1652 3823 1743; baseline -0 -22"><span class='ocrx_word' id='word_1_111' title='bbox 564 1657 806 1743; x_wconf 78' lang='lat' dir='ltr'>ripensi</span> <span class='ocrx_word' id='word_1_112' title='bbox 850 1655 1040 1722; x_wconf 91' lang='lat' dir='ltr'>sedes</span> <span class='ocrx_word' id='word_1_113' title='bbox 1086 1653 1473 1720; x_wconf 84' lang='lat' dir='ltr'>habentibus</span> <span class='ocrx_word' id='word_1_114' title='bbox 1518 1673 1660 1718; x_wconf 89' lang='lat' dir='ltr'>cum</span> <span class='ocrx_word' id='word_1_115' title='bbox 1706 1653 2120 1719; x_wconf 89' lang='lat' dir='ltr'>nihilominus</span> <span class='ocrx_word' id='word_1_116' title='bbox 2167 1652 2415 1718; x_wconf 82' lang='lat' dir='ltr'>Gothus</span> <span class='ocrx_word' id='word_1_117' title='bbox 2462 1653 2719 1719; x_wconf 89' lang='lat' dir='ltr'>habitus</span> <span class='ocrx_word' id='word_1_118' title='bbox 2766 1654 2882 1733; x_wconf 89' lang='lat' dir='ltr'>sit,</span> <span class='ocrx_word' id='word_1_119' title='bbox 2950 1653 3197 1719; x_wconf 88' lang='lat' dir='ltr'>scilicet</span> <span class='ocrx_word' id='word_1_120' title='bbox 3245 1672 3324 1719; x_wconf 85' lang='lat' dir='ltr'>ex</span> <span class='ocrx_word' id='word_1_121' title='bbox 3370 1654 3597 1720; x_wconf 89' lang='lat' dir='ltr'>Gothis</span> <span class='ocrx_word' id='word_1_122' title='bbox 3643 1654 3823 1720; x_wconf 86' lang='lat' dir='ltr'>Moe-</span> 
     </span>
     <span class='ocr_line' id='line_1_11' title="bbox 564 1773 3820 1861; baseline -0.001 -19"><span class='ocrx_word' id='word_1_123' title='bbox 564 1778 757 1843; x_wconf 87' lang='lat' dir='ltr'>siacis</span> <span class='ocrx_word' id='word_1_124' title='bbox 801 1797 926 1842; x_wconf 92' lang='lat' dir='ltr'>non</span> <span class='ocrx_word' id='word_1_125' title='bbox 970 1774 1274 1861; x_wconf 85' lang='lat' dir='ltr'>profectis</span> <span class='ocrx_word' id='word_1_126' title='bbox 1318 1773 1386 1838; x_wconf 92' lang='lat' dir='ltr'>in</span> <span class='ocrx_word' id='word_1_127' title='bbox 1429 1773 1685 1839; x_wconf 89' lang='lat' dir='ltr'>Italiam</span> <span class='ocrx_word' id='word_1_128' title='bbox 1735 1794 1877 1839; x_wconf 90' lang='lat' dir='ltr'>cum</span> <span class='ocrx_word' id='word_1_129' title='bbox 1924 1773 2357 1855; x_wconf 81' lang='lat' dir='ltr'>Theoderico,</span> <span class='ocrx_word' id='word_1_130' title='bbox 2409 1773 2479 1839; x_wconf 93' lang='lat' dir='ltr'>id</span> <span class='ocrx_word' id='word_1_131' title='bbox 2523 1773 2730 1858; x_wconf 90' lang='lat' dir='ltr'>ipsum</span> <span class='ocrx_word' id='word_1_132' title='bbox 2776 1781 2947 1839; x_wconf 88' lang='lat' dir='ltr'>recte</span> <span class='ocrx_word' id='word_1_133' title='bbox 2993 1773 3450 1840; x_wconf 82' lang='lat' dir='ltr'>transferemus</span> <span class='ocrx_word' id='word_1_134' title='bbox 3496 1774 3686 1839; x_wconf 90' lang='lat' dir='ltr'>etiam</span> <span class='ocrx_word' id='word_1_135' title='bbox 3734 1773 3820 1840; x_wconf 89' lang='lat' dir='ltr'>ad</span> 
     </span>
     <span class='ocr_line' id='line_1_12' title="bbox 562 1893 3820 1984; baseline -0.002 -21"><span class='ocrx_word' id='word_1_136' title='bbox 562 1898 834 1984; x_wconf 91' lang='lat' dir='ltr'>populos</span> <span class='ocrx_word' id='word_1_137' title='bbox 882 1894 1166 1962; x_wconf 87' lang='lat' dir='ltr'>Candaei</span> <span class='ocrx_word' id='word_1_138' title='bbox 1228 1900 1529 1979; x_wconf 89' lang='lat' dir='ltr'>parentes</span> <span class='ocrx_word' id='word_1_139' title='bbox 1598 1893 1842 1959; x_wconf 87' lang='lat' dir='ltr'>‘Sciros</span> <span class='ocrx_word' id='word_1_140' title='bbox 1903 1893 2278 1977; x_wconf 85' lang='lat' dir='ltr'>Sadagirios</span> <span class='ocrx_word' id='word_1_141' title='bbox 2340 1900 2674 1977; x_wconf 89' lang='lat' dir='ltr'>certosque</span> <span class='ocrx_word' id='word_1_142' title='bbox 2732 1893 3026 1975; x_wconf 84' lang='lat' dir='ltr'>Alanos’,</span> <span class='ocrx_word' id='word_1_143' title='bbox 3102 1903 3170 1959; x_wconf 89' lang='lat' dir='ltr'>ut</span> <span class='ocrx_word' id='word_1_144' title='bbox 3228 1894 3337 1977; x_wconf 88' lang='lat' dir='ltr'>qui</span> <span class='ocrx_word' id='word_1_145' title='bbox 3397 1894 3547 1961; x_wconf 90' lang='lat' dir='ltr'>licet</span> <span class='ocrx_word' id='word_1_146' title='bbox 3601 1894 3820 1979; x_wconf 83' lang='lat' dir='ltr'>stirpis</span> 
     </span>
     <span class='ocr_line' id='line_1_13' title="bbox 563 2013 3818 2097; baseline -0.002 -15"><span class='ocrx_word' id='word_1_147' title='bbox 563 2018 836 2083; x_wconf 87' lang='lat' dir='ltr'>fortasse</span> <span class='ocrx_word' id='word_1_148' title='bbox 903 2016 1197 2081; x_wconf 84' lang='lat' dir='ltr'>diversae</span> <span class='ocrx_word' id='word_1_149' title='bbox 1265 2013 1615 2079; x_wconf 86' lang='lat' dir='ltr'>Gothorum</span> <span class='ocrx_word' id='word_1_150' title='bbox 1682 2033 1913 2079; x_wconf 91' lang='lat' dir='ltr'>nomen</span> <span class='ocrx_word' id='word_1_151' title='bbox 1980 2020 2045 2079; x_wconf 90' lang='lat' dir='ltr'>et</span> <span class='ocrx_word' id='word_1_152' title='bbox 2112 2013 2386 2079; x_wconf 88' lang='lat' dir='ltr'>Gothica</span> <span class='ocrx_word' id='word_1_153' title='bbox 2452 2013 2668 2080; x_wconf 88' lang='lat' dir='ltr'>studia</span> <span class='ocrx_word' id='word_1_154' title='bbox 2733 2022 2798 2079; x_wconf 89' lang='lat' dir='ltr'>et</span> <span class='ocrx_word' id='word_1_155' title='bbox 2863 2014 2988 2097; x_wconf 90' lang='lat' dir='ltr'>ipsi</span> <span class='ocrx_word' id='word_1_156' title='bbox 3056 2014 3472 2080; x_wconf 78' lang='lat' dir='ltr'>adsciverint.</span> <span class='ocrx_word' id='word_1_157' title='bbox 3565 2013 3818 2079; x_wconf 91' lang='lat' dir='ltr'>omnino</span> 
     </span>
     <span class='ocr_line' id='line_1_14' title="bbox 563 2133 3820 2219; baseline -0.001 -17"><span class='ocrx_word' id='word_1_158' title='bbox 563 2145 675 2203; x_wconf 88' lang='lat' dir='ltr'>aut</span> <span class='ocrx_word' id='word_1_159' title='bbox 736 2136 927 2202; x_wconf 89' lang='lat' dir='ltr'>valde</span> <span class='ocrx_word' id='word_1_160' title='bbox 986 2135 1177 2200; x_wconf 87' lang='lat' dir='ltr'>fallor</span> <span class='ocrx_word' id='word_1_161' title='bbox 1231 2141 1344 2199; x_wconf 89' lang='lat' dir='ltr'>aut</span> <span class='ocrx_word' id='word_1_162' title='bbox 1402 2140 1530 2199; x_wconf 90' lang='lat' dir='ltr'>toto</span> <span class='ocrx_word' id='word_1_163' title='bbox 1590 2134 1727 2199; x_wconf 92' lang='lat' dir='ltr'>loco</span> <span class='ocrx_word' id='word_1_164' title='bbox 1774 2139 1889 2215; x_wconf 91' lang='grc'>50,</span> <span class='ocrx_word' id='word_1_165' title='bbox 1944 2137 2067 2197; x_wconf 88' lang='grc'>265</span> <span class='ocrx_word' id='word_1_166' title='bbox 2112 2171 2199 2180; x_wconf 93' lang='grc'>-</span> <span class='ocrx_word' id='word_1_167' title='bbox 2246 2140 2363 2214; x_wconf 89' lang='grc'>51,</span> <span class='ocrx_word' id='word_1_168' title='bbox 2418 2137 2539 2199; x_wconf 86' lang='lat'>267</span> <span class='ocrx_word' id='word_1_169' title='bbox 2586 2134 2700 2218; x_wconf 89' lang='lat' dir='ltr'>qui</span> <span class='ocrx_word' id='word_1_170' title='bbox 2745 2140 3196 2199; x_wconf 88' lang='lat' dir='ltr'>enumerantur</span> <span class='ocrx_word' id='word_1_171' title='bbox 3238 2134 3461 2219; x_wconf 90' lang='lat' dir='ltr'>populi</span> <span class='ocrx_word' id='word_1_172' title='bbox 3503 2134 3569 2199; x_wconf 93' lang='lat' dir='ltr'>in</span> <span class='ocrx_word' id='word_1_173' title='bbox 3616 2133 3820 2200; x_wconf 86' lang='lat' dir='ltr'>Dacia</span> 
     </span>
     <span class='ocr_line' id='line_1_15' title="bbox 563 2253 3820 2343; baseline -0.001 -21"><span class='ocrx_word' id='word_1_174' title='bbox 563 2256 836 2343; x_wconf 90' lang='lat' dir='ltr'>ripensi,</span> <span class='ocrx_word' id='word_1_175' title='bbox 902 2254 1216 2337; x_wconf 89' lang='lat' dir='ltr'>Thracia,</span> <span class='ocrx_word' id='word_1_176' title='bbox 1284 2254 1563 2335; x_wconf 85' lang='lat' dir='ltr'>Moesia&#39;,</span> <span class='ocrx_word' id='word_1_177' title='bbox 1630 2254 1897 2337; x_wconf 76' lang='lat' dir='ltr'>Scythia</span> <span class='ocrx_word' id='word_1_178' title='bbox 1952 2253 2195 2319; x_wconf 90' lang='lat' dir='ltr'>minore</span> <span class='ocrx_word' id='word_1_179' title='bbox 2241 2254 2599 2335; x_wconf 85' lang='lat' dir='ltr'>constituti,</span> <span class='ocrx_word' id='word_1_180' title='bbox 2666 2253 2734 2319; x_wconf 92' lang='lat' dir='ltr'>id</span> <span class='ocrx_word' id='word_1_181' title='bbox 2780 2261 2880 2319; x_wconf 91' lang='lat' dir='ltr'>est</span> <span class='ocrx_word' id='word_1_182' title='bbox 2929 2261 3183 2339; x_wconf 88' lang='lat' dir='ltr'>praeter</span> <span class='ocrx_word' id='word_1_183' title='bbox 3240 2274 3436 2339; x_wconf 90' lang='lat' dir='ltr'>supra</span> <span class='ocrx_word' id='word_1_184' title='bbox 3493 2254 3698 2320; x_wconf 91' lang='lat' dir='ltr'>dictos</span> <span class='ocrx_word' id='word_1_185' title='bbox 3755 2262 3820 2320; x_wconf 88' lang='lat' dir='ltr'>et</span> 
     </span>
     <span class='ocr_line' id='line_1_16' title="bbox 564 2374 3818 2459; baseline -0.001 -19"><span class='ocrx_word' id='word_1_186' title='bbox 564 2376 808 2442; x_wconf 85' lang='lat' dir='ltr'>Gothos</span> <span class='ocrx_word' id='word_1_187' title='bbox 851 2375 960 2459; x_wconf 90' lang='lat' dir='ltr'>qui</span> <span class='ocrx_word' id='word_1_188' title='bbox 1007 2374 1304 2440; x_wconf 89' lang='lat' dir='ltr'>dicuntur</span> <span class='ocrx_word' id='word_1_189' title='bbox 1346 2374 1624 2440; x_wconf 90' lang='lat' dir='ltr'>minores</span> <span class='ocrx_word' id='word_1_190' title='bbox 1670 2375 1867 2440; x_wconf 89' lang='lat' dir='ltr'>etiam</span> <span class='ocrx_word' id='word_1_191' title='bbox 1928 2374 2097 2457; x_wconf 90' lang='lat' dir='ltr'>Rugi</span> <span class='ocrx_word' id='word_1_192' title='bbox 2141 2374 2439 2457; x_wconf 88' lang='lat' dir='ltr'>quidam,</span> <span class='ocrx_word' id='word_1_193' title='bbox 2508 2382 2689 2441; x_wconf 79' lang='lat' dir='ltr'>extra</span> <span class='ocrx_word' id='word_1_194' title='bbox 2733 2374 3008 2459; x_wconf 88' lang='lat' dir='ltr'>patriam</span> <span class='ocrx_word' id='word_1_195' title='bbox 3055 2374 3299 2441; x_wconf 86' lang='lat' dir='ltr'>Gothos</span> <span class='ocrx_word' id='word_1_196' title='bbox 3359 2375 3567 2458; x_wconf 89' lang='lat' dir='ltr'>magis</span> <span class='ocrx_word' id='word_1_197' title='bbox 3627 2395 3818 2458; x_wconf 86' lang='lat' dir='ltr'>quam</span> 
     </span>
     <span class='ocr_line' id='line_1_17' title="bbox 563 2494 3822 2581; baseline 0 -21"><span class='ocrx_word' id='word_1_198' title='bbox 563 2496 662 2561; x_wconf 91' lang='lat' dir='ltr'>sui</span> <span class='ocrx_word' id='word_1_199' title='bbox 709 2496 980 2580; x_wconf 90' lang='lat' dir='ltr'>quisque</span> <span class='ocrx_word' id='word_1_200' title='bbox 1026 2495 1249 2581; x_wconf 90' lang='lat' dir='ltr'>populi</span> <span class='ocrx_word' id='word_1_201' title='bbox 1294 2514 1364 2560; x_wconf 91' lang='lat' dir='ltr'>se</span> <span class='ocrx_word' id='word_1_202' title='bbox 1410 2514 1554 2561; x_wconf 89' lang='lat' dir='ltr'>esse</span> <span class='ocrx_word' id='word_1_203' title='bbox 1599 2494 2019 2577; x_wconf 75' lang='lat' dir='ltr'>adserebant,</span> <span class='ocrx_word' id='word_1_204' title='bbox 2088 2500 2153 2559; x_wconf 90' lang='lat' dir='ltr'>et</span> <span class='ocrx_word' id='word_1_205' title='bbox 2194 2494 2287 2559; x_wconf 91' lang='lat' dir='ltr'>ita</span> <span class='ocrx_word' id='word_1_206' title='bbox 2329 2494 2639 2561; x_wconf 86' lang='lat' dir='ltr'>Iordanes</span> <span class='ocrx_word' id='word_1_207' title='bbox 2687 2514 2830 2560; x_wconf 89' lang='lat' dir='ltr'>cum</span> <span class='ocrx_word' id='word_1_208' title='bbox 2878 2496 3157 2562; x_wconf 89' lang='lat' dir='ltr'>Gothum</span> <span class='ocrx_word' id='word_1_209' title='bbox 3205 2515 3277 2561; x_wconf 88' lang='lat' dir='ltr'>se</span> <span class='ocrx_word' id='word_1_210' title='bbox 3322 2494 3520 2576; x_wconf 86' lang='lat' dir='ltr'>ferat,</span> <span class='ocrx_word' id='word_1_211' title='bbox 3574 2516 3822 2577; x_wconf 89' lang='lat' dir='ltr'>nequa—</span> 
     </span>
     <span class='ocr_line' id='line_1_18' title="bbox 562 2614 3932 2700; baseline -0 -18"><span class='ocrx_word' id='word_1_212' title='bbox 562 2637 754 2700; x_wconf 87' lang='lat' dir='ltr'>quam</span> <span class='ocrx_word' id='word_1_213' title='bbox 800 2616 1076 2681; x_wconf 87' lang='lat' dir='ltr'>Alanum</span> <span class='ocrx_word' id='word_1_214' title='bbox 1139 2634 1211 2680; x_wconf 91' lang='lat' dir='ltr'>se</span> <span class='ocrx_word' id='word_1_215' title='bbox 1262 2634 1408 2681; x_wconf 91' lang='lat' dir='ltr'>esse</span> <span class='ocrx_word' id='word_1_216' title='bbox 1467 2623 1663 2697; x_wconf 89' lang='lat' dir='ltr'>negat</span> <span class='ocrx_word' id='word_1_217' title='bbox 1686 2618 1783 2698; x_wconf 89' lang='lat'><strong>¹¹).</strong></span> <span class='ocrx_word' id='word_1_218' title='bbox 1880 2622 1946 2681; x_wconf 88' lang='lat' dir='ltr'>et</span> <span class='ocrx_word' id='word_1_219' title='bbox 2004 2635 2153 2680; x_wconf 89' lang='lat' dir='ltr'>vere</span> <span class='ocrx_word' id='word_1_220' title='bbox 2212 2614 2753 2699; x_wconf 80' lang='lat' dir='ltr'>deprehendimus</span> <span class='ocrx_word' id='word_1_221' title='bbox 2811 2617 2984 2700; x_wconf 89' lang='lat' dir='ltr'>apud</span> <span class='ocrx_word' id='word_1_222' title='bbox 3029 2615 3367 2681; x_wconf 87' lang='lat' dir='ltr'>Iordanem</span> <span class='ocrx_word' id='word_1_223' title='bbox 3426 2616 3641 2681; x_wconf 90' lang='lat' dir='ltr'>studia</span> <span class='ocrx_word' id='word_1_224' title='bbox 3699 2615 3820 2681; x_wconf 91' lang='lat' dir='ltr'>du-</span> <span class='ocrx_word' id='word_1_225' title='bbox 3925 2626 3932 2633; x_wconf 84' lang='grc'><strong><em>’</em></strong></span> 
     </span>
     <span class='ocr_line' id='line_1_19' title="bbox 562 2734 3819 2821; baseline -0 -21"><span class='ocrx_word' id='word_1_226' title='bbox 562 2736 777 2821; x_wconf 86' lang='lat' dir='ltr'>plicia,</span> <span class='ocrx_word' id='word_1_227' title='bbox 833 2736 1038 2802; x_wconf 89' lang='lat' dir='ltr'>altera</span> <span class='ocrx_word' id='word_1_228' title='bbox 1082 2734 1359 2800; x_wconf 87' lang='lat' dir='ltr'>nationis</span> <span class='ocrx_word' id='word_1_229' title='bbox 1406 2735 1787 2816; x_wconf 87' lang='lat' dir='ltr'>Gothorum,</span> <span class='ocrx_word' id='word_1_230' title='bbox 1842 2735 2024 2801; x_wconf 89' lang='lat' dir='ltr'>cuius</span> <span class='ocrx_word' id='word_1_231' title='bbox 2071 2734 2298 2800; x_wconf 89' lang='lat' dir='ltr'>laudes</span> <span class='ocrx_word' id='word_1_232' title='bbox 2344 2743 2408 2802; x_wconf 93' lang='lat' dir='ltr'>et</span> <span class='ocrx_word' id='word_1_233' title='bbox 2451 2755 2594 2800; x_wconf 89' lang='lat' dir='ltr'>cum</span> <span class='ocrx_word' id='word_1_234' title='bbox 2639 2736 2719 2800; x_wconf 92' lang='lat' dir='ltr'>iis</span> <span class='ocrx_word' id='word_1_235' title='bbox 2764 2736 3133 2801; x_wconf 88' lang='lat' dir='ltr'>coniunctas</span> <span class='ocrx_word' id='word_1_236' title='bbox 3181 2735 3444 2801; x_wconf 85' lang='lat' dir='ltr'>fraudes</span> <span class='ocrx_word' id='word_1_237' title='bbox 3488 2735 3819 2821; x_wconf 88' lang='lat' dir='ltr'>probabile</span> 
     </span>
     <span class='ocr_line' id='line_1_20' title="bbox 563 2855 3818 2940; baseline -0.001 -18"><span class='ocrx_word' id='word_1_238' title='bbox 563 2864 662 2922; x_wconf 91' lang='lat' dir='ltr'>est</span> <span class='ocrx_word' id='word_1_239' title='bbox 705 2877 830 2921; x_wconf 92' lang='lat' dir='ltr'>non</span> <span class='ocrx_word' id='word_1_240' title='bbox 877 2857 1086 2940; x_wconf 92' lang='lat' dir='ltr'>ipsum</span> <span class='ocrx_word' id='word_1_241' title='bbox 1133 2855 1638 2938; x_wconf 84' lang='lat' dir='ltr'>excogitavisse,</span> <span class='ocrx_word' id='word_1_242' title='bbox 1705 2855 1821 2922; x_wconf 90' lang='lat' dir='ltr'>sed</span> <span class='ocrx_word' id='word_1_243' title='bbox 1880 2862 2237 2921; x_wconf 90' lang='lat' dir='ltr'>mutuatum</span> <span class='ocrx_word' id='word_1_244' title='bbox 2284 2874 2425 2920; x_wconf 90' lang='lat' dir='ltr'>esse</span> <span class='ocrx_word' id='word_1_245' title='bbox 2487 2856 2568 2919; x_wconf 89' lang='lat' dir='ltr'>ab</span> <span class='ocrx_word' id='word_1_246' title='bbox 2624 2863 2883 2922; x_wconf 87' lang='lat' dir='ltr'>auctore</span> <span class='ocrx_word' id='word_1_247' title='bbox 2929 2855 3369 2937; x_wconf 84' lang='lat' dir='ltr'>Cassiodorio,</span> <span class='ocrx_word' id='word_1_248' title='bbox 3436 2856 3643 2922; x_wconf 85' lang='lat' dir='ltr'>altera</span> <span class='ocrx_word' id='word_1_249' title='bbox 3697 2855 3818 2940; x_wconf 90' lang='lat' dir='ltr'>ipsi</span> 
     </span>
     <span class='ocr_line' id='line_1_21' title="bbox 562 2975 2826 3061; baseline -0 -21"><span class='ocrx_word' id='word_1_250' title='bbox 562 2976 839 3061; x_wconf 87' lang='lat' dir='ltr'>propria,</span> <span class='ocrx_word' id='word_1_251' title='bbox 895 2975 1279 3060; x_wconf 84' lang='lat' dir='ltr'>explicanda</span> <span class='ocrx_word' id='word_1_252' title='bbox 1324 2996 1405 3042; x_wconf 82' lang='lat' dir='ltr'>ex</span> <span class='ocrx_word' id='word_1_253' title='bbox 1448 2975 1530 3040; x_wconf 90' lang='lat' dir='ltr'>iis</span> <span class='ocrx_word' id='word_1_254' title='bbox 1573 2996 1740 3059; x_wconf 90' lang='lat' dir='ltr'>quae</span> <span class='ocrx_word' id='word_1_255' title='bbox 1784 2996 1930 3041; x_wconf 89' lang='lat' dir='ltr'>eum</span> <span class='ocrx_word' id='word_1_256' title='bbox 1976 2975 2058 3039; x_wconf 91' lang='lat' dir='ltr'>de</span> <span class='ocrx_word' id='word_1_257' title='bbox 2104 2995 2175 3040; x_wconf 89' lang='lat' dir='ltr'>se</span> <span class='ocrx_word' id='word_1_258' title='bbox 2219 2996 2483 3041; x_wconf 89' lang='lat' dir='ltr'>narrare</span> <span class='ocrx_word' id='word_1_259' title='bbox 2528 2975 2826 3041; x_wconf 87' lang='lat' dir='ltr'>vidimus.</span> 
     </span>
    </p>

    <p class='ocr_par' dir='ltr' id='par_1_3' title="bbox 560 3083 4230 5343">
     <span class='ocr_line' id='line_1_22' title="bbox 736 3083 4230 3181; baseline 0 -20"><span class='ocrx_word' id='word_1_260' title='bbox 736 3096 1124 3161; x_wconf 88' lang='lat' dir='ltr'>Cassiodorii</span> <span class='ocrx_word' id='word_1_261' title='bbox 1169 3095 1250 3161; x_wconf 92' lang='lat' dir='ltr'>de</span> <span class='ocrx_word' id='word_1_262' title='bbox 1296 3097 1487 3162; x_wconf 89' lang='lat' dir='ltr'>rebus</span> <span class='ocrx_word' id='word_1_263' title='bbox 1518 3095 1868 3162; x_wconf 86' lang='lat' dir='ltr'>Gothorum</span> <span class='ocrx_word' id='word_1_264' title='bbox 1913 3095 2108 3161; x_wconf 90' lang='lat' dir='ltr'>libros</span> <span class='ocrx_word' id='word_1_265' title='bbox 2151 3110 2305 3161; x_wconf 88' lang='lat' dir='ltr'>oum·</span> <span class='ocrx_word' id='word_1_266' title='bbox 2332 3095 2642 3161; x_wconf 89' lang='lat' dir='ltr'>Iordanes</span> <span class='ocrx_word' id='word_1_267' title='bbox 2686 3096 2752 3160; x_wconf 94' lang='lat' dir='ltr'>in</span> <span class='ocrx_word' id='word_1_268' title='bbox 2783 3095 3030 3163; x_wconf 89' lang='lat' dir='ltr'>Geticis</span> <span class='ocrx_word' id='word_1_269' title='bbox 3075 3096 3209 3161; x_wconf 89' lang='lat' dir='ltr'>suis</span> <span class='ocrx_word' id='word_1_270' title='bbox 3254 3096 3322 3161; x_wconf 92' lang='lat' dir='ltr'>in</span> <span class='ocrx_word' id='word_1_271' title='bbox 3367 3095 3811 3181; x_wconf 91' lang='lat' dir='ltr'>compendium</span> <span class='ocrx_word' id='word_1_272' title='bbox 3841 3083 4230 3179; x_wconf 54' lang='lat'>332222‘2222555:</span> 
     </span>
     <span class='ocr_line' id='line_1_23' title="bbox 561 3190 4024 3300; baseline 0.001 -21"><span class='ocrx_word' id='word_1_273' title='bbox 561 3215 914 3299; x_wconf 85' lang='lat' dir='ltr'>redegerit,</span> <span class='ocrx_word' id='word_1_274' title='bbox 984 3216 1144 3281; x_wconf 89' lang='lat' dir='ltr'>vitia</span> <span class='ocrx_word' id='word_1_275' title='bbox 1187 3216 1464 3281; x_wconf 89' lang='lat' dir='ltr'>auctoris</span> <span class='ocrx_word' id='word_1_276' title='bbox 1508 3215 1912 3281; x_wconf 89' lang='lat' dir='ltr'>Iordanianis</span> <span class='ocrx_word' id='word_1_277' title='bbox 1972 3236 2225 3300; x_wconf 89' lang='lat' dir='ltr'>quoque</span> <span class='ocrx_word' id='word_1_278' title='bbox 2281 3216 2628 3282; x_wconf 86' lang='lat' dir='ltr'>insideant.</span> <span class='ocrx_word' id='word_1_279' title='bbox 2659 3236 2927 3283; x_wconf 89' lang='lat' dir='ltr'>necesse</span> <span class='ocrx_word' id='word_1_280' title='bbox 2986 3224 3117 3298; x_wconf 90' lang='lat' dir='ltr'>est,</span> <span class='ocrx_word' id='word_1_281' title='bbox 3185 3216 3432 3283; x_wconf 90' lang='lat' dir='ltr'>scilieet</span> <span class='ocrx_word' id='word_1_282' title='bbox 3475 3224 3541 3282; x_wconf 89' lang='lat' dir='ltr'>et</span> <span class='ocrx_word' id='word_1_283' title='bbox 3584 3217 3814 3283; x_wconf 87' lang='lat' dir='ltr'>levitas</span> <span class='ocrx_word' id='word_1_284' title='bbox 3844 3190 4024 3232; x_wconf 54' lang='lat' dir='ltr'>dmm</span> 
     </span>
     <span class='ocr_line' id='line_1_24' title="bbox 563 3335 3815 3422; baseline 0.001 -22"><span class='ocrx_word' id='word_1_285' title='bbox 563 3355 846 3418; x_wconf 87' lang='lat' dir='ltr'>summa,</span> <span class='ocrx_word' id='word_1_286' title='bbox 910 3356 989 3402; x_wconf 88' lang='lat' dir='ltr'>ne</span> <span class='ocrx_word' id='word_1_287' title='bbox 1049 3335 1203 3420; x_wconf 89' lang='lat' dir='ltr'>quid</span> <span class='ocrx_word' id='word_1_288' title='bbox 1263 3337 1526 3421; x_wconf 80' lang='lat' dir='ltr'>gravius</span> <span class='ocrx_word' id='word_1_289' title='bbox 1584 3336 1792 3403; x_wconf 89' lang='lat' dir='ltr'>dicam</span> <span class='ocrx_word' id='word_1_290' title='bbox 1818 3391 1832 3420; x_wconf 89' lang='lat'>,</span> <span class='ocrx_word' id='word_1_291' title='bbox 1898 3343 1963 3403; x_wconf 89' lang='lat' dir='ltr'>et</span> <span class='ocrx_word' id='word_1_292' title='bbox 2018 3337 2230 3403; x_wconf 91' lang='lat' dir='ltr'>laudis</span> <span class='ocrx_word' id='word_1_293' title='bbox 2278 3336 2627 3403; x_wconf 91' lang='lat' dir='ltr'>Gothorum</span> <span class='ocrx_word' id='word_1_294' title='bbox 2685 3337 2852 3403; x_wconf 89' lang='lat' dir='ltr'>ultra</span> <span class='ocrx_word' id='word_1_295' title='bbox 2894 3336 3131 3403; x_wconf 90' lang='lat' dir='ltr'>iustum</span> <span class='ocrx_word' id='word_1_296' title='bbox 3177 3336 3434 3402; x_wconf 89' lang='lat' dir='ltr'>modum</span> <span class='ocrx_word' id='word_1_297' title='bbox 3480 3337 3815 3422; x_wconf 89' lang='lat' dir='ltr'>augendae</span> 
     </span>
     <span class='ocr_line' id='line_1_25' title="bbox 562 3456 3813 3542; baseline 0 -21"><span class='ocrx_word' id='word_1_298' title='bbox 562 3456 867 3521; x_wconf 83' lang='lat' dir='ltr'>studium.</span> <span class='ocrx_word' id='word_1_299' title='bbox 960 3456 1138 3522; x_wconf 88' lang='lat' dir='ltr'>illius</span> <span class='ocrx_word' id='word_1_300' title='bbox 1200 3458 1364 3523; x_wconf 90' lang='lat' dir='ltr'>iuter</span> <span class='ocrx_word' id='word_1_301' title='bbox 1421 3458 1555 3521; x_wconf 89' lang='lat' dir='ltr'>alia</span> <span class='ocrx_word' id='word_1_302' title='bbox 1613 3458 2058 3524; x_wconf 89' lang='lat' dir='ltr'>documentum</span> <span class='ocrx_word' id='word_1_303' title='bbox 2114 3466 2242 3539; x_wconf 89' lang='lat' dir='ltr'>est,</span> <span class='ocrx_word' id='word_1_304' title='bbox 2309 3457 2479 3541; x_wconf 90' lang='lat' dir='ltr'>quod</span> <span class='ocrx_word' id='word_1_305' title='bbox 2521 3457 2584 3521; x_wconf 90' lang='lat' dir='ltr'>in</span> <span class='ocrx_word' id='word_1_306' title='bbox 2631 3456 2948 3541; x_wconf 88' lang='lat' dir='ltr'>tripertita</span> <span class='ocrx_word' id='word_1_307' title='bbox 2993 3457 3259 3521; x_wconf 86' lang='lat' dir='ltr'>historia</span> <span class='ocrx_word' id='word_1_308' title='bbox 3315 3459 3393 3538; x_wconf 88' lang='lat'>(9,</span> <span class='ocrx_word' id='word_1_309' title='bbox 3447 3459 3548 3536; x_wconf 87' lang='grc'>30)</span> <span class='ocrx_word' id='word_1_310' title='bbox 3603 3460 3813 3542; x_wconf 89' lang='lat' dir='ltr'>legem</span> 
     </span>
     <span class='ocr_line' id='line_1_26' title="bbox 563 3574 3814 3661; baseline 0.002 -23"><span class='ocrx_word' id='word_1_311' title='bbox 563 3574 802 3640; x_wconf 88' lang='lat' dir='ltr'>codicis</span> <span class='ocrx_word' id='word_1_312' title='bbox 847 3575 1283 3642; x_wconf 88' lang='lat' dir='ltr'>Theodosiani</span> <span class='ocrx_word' id='word_1_313' title='bbox 1337 3579 1417 3657; x_wconf 74' lang='grc'>(9,</span> <span class='ocrx_word' id='word_1_314' title='bbox 1458 3581 1564 3658; x_wconf 83' lang='grc'>40,</span> <span class='ocrx_word' id='word_1_315' title='bbox 1608 3580 1703 3658; x_wconf 88' lang='grc'>13)</span> <span class='ocrx_word' id='word_1_316' title='bbox 1758 3598 1926 3642; x_wconf 89' lang='lat' dir='ltr'>anno</span> <span class='ocrx_word' id='word_1_317' title='bbox 1974 3581 2095 3642; x_wconf 81' lang='grc'>382</span> <span class='ocrx_word' id='word_1_318' title='bbox 2143 3599 2184 3643; x_wconf 90' lang='lat' dir='ltr'>a</span> <span class='ocrx_word' id='word_1_319' title='bbox 2217 3577 2530 3642; x_wconf 90' lang='lat' dir='ltr'>Gratiano</span> <span class='ocrx_word' id='word_1_320' title='bbox 2573 3577 2770 3641; x_wconf 89' lang='lat' dir='ltr'>latam</span> <span class='ocrx_word' id='word_1_321' title='bbox 2816 3596 2942 3642; x_wconf 94' lang='lat' dir='ltr'>non</span> <span class='ocrx_word' id='word_1_322' title='bbox 2988 3577 3309 3643; x_wconf 87' lang='lat' dir='ltr'>dubitavit</span> <span class='ocrx_word' id='word_1_323' title='bbox 3349 3577 3814 3661; x_wconf 88' lang='lat' dir='ltr'>subscriptione</span> 
     </span>
     <span class='ocr_line' id='line_1_27' title="bbox 562 3694 3807 3781; baseline 0.001 -23"><span class='ocrx_word' id='word_1_324' title='bbox 562 3694 801 3760; x_wconf 87' lang='lat' dir='ltr'>omissa</span> <span class='ocrx_word' id='word_1_325' title='bbox 844 3695 933 3760; x_wconf 88' lang='lat' dir='ltr'>ita</span> <span class='ocrx_word' id='word_1_326' title='bbox 980 3695 1365 3776; x_wconf 84' lang='lat' dir='ltr'>describere,</span> <span class='ocrx_word' id='word_1_327' title='bbox 1422 3703 1489 3761; x_wconf 91' lang='lat' dir='ltr'>ut</span> <span class='ocrx_word' id='word_1_328' title='bbox 1530 3696 1681 3761; x_wconf 91' lang='lat' dir='ltr'>anni</span> <span class='ocrx_word' id='word_1_329' title='bbox 1714 3700 1837 3760; x_wconf 84' lang='grc'>390</span> <span class='ocrx_word' id='word_1_330' title='bbox 1876 3696 2077 3766; x_wconf 82' lang='lat' dir='ltr'>fieret,</span> <span class='ocrx_word' id='word_1_331' title='bbox 2129 3718 2253 3781; x_wconf 89' lang='lat' dir='ltr'>quo</span> <span class='ocrx_word' id='word_1_332' title='bbox 2284 3704 2427 3781; x_wconf 90' lang='lat' dir='ltr'>post</span> <span class='ocrx_word' id='word_1_333' title='bbox 2458 3695 2832 3762; x_wconf 88' lang='lat' dir='ltr'>Gratianum</span> <span class='ocrx_word' id='word_1_334' title='bbox 2865 3697 3177 3780; x_wconf 84' lang='lat' dir='ltr'>regnabat</span> <span class='ocrx_word' id='word_1_335' title='bbox 3206 3697 3692 3763; x_wconf 88' lang='lat' dir='ltr'>Valentinianus</span> <span class='ocrx_word' id='word_1_336' title='bbox 3723 3699 3807 3762; x_wconf 91' lang='lat'>11.</span> 
     </span>
     <span class='ocr_line' id='line_1_28' title="bbox 562 3815 3814 3901; baseline 0.002 -22"><span class='ocrx_word' id='word_1_337' title='bbox 562 3815 732 3881; x_wconf 84' lang='lat' dir='ltr'>idem</span> <span class='ocrx_word' id='word_1_338' title='bbox 778 3823 998 3881; x_wconf 86' lang='lat' dir='ltr'>auctor</span> <span class='ocrx_word' id='word_1_339' title='bbox 1042 3816 1297 3881; x_wconf 91' lang='lat' dir='ltr'>natione</span> <span class='ocrx_word' id='word_1_340' title='bbox 1342 3817 1687 3896; x_wconf 77' lang='lat' dir='ltr'>RomanuS,</span> <span class='ocrx_word' id='word_1_341' title='bbox 1748 3815 1864 3882; x_wconf 93' lang='lat' dir='ltr'>sed</span> <span class='ocrx_word' id='word_1_342' title='bbox 1910 3816 2128 3882; x_wconf 88' lang='lat' dir='ltr'>studia</span> <span class='ocrx_word' id='word_1_343' title='bbox 2172 3816 2447 3882; x_wconf 88' lang='lat' dir='ltr'>Gothica</span> <span class='ocrx_word' id='word_1_344' title='bbox 2491 3816 2762 3882; x_wconf 89' lang='lat' dir='ltr'>fortasse</span> <span class='ocrx_word' id='word_1_345' title='bbox 2809 3818 2887 3882; x_wconf 91' lang='lat' dir='ltr'>ob</span> <span class='ocrx_word' id='word_1_346' title='bbox 2931 3816 3002 3882; x_wconf 95' lang='lat' dir='ltr'>id</span> <span class='ocrx_word' id='word_1_347' title='bbox 3045 3817 3254 3901; x_wconf 90' lang='lat' dir='ltr'>ipsum</span> <span class='ocrx_word' id='word_1_348' title='bbox 3301 3837 3704 3900; x_wconf 83' lang='lat' dir='ltr'>exaggerans</span> <span class='ocrx_word' id='word_1_349' title='bbox 3750 3828 3814 3884; x_wconf 91' lang='lat' dir='ltr'>et</span> 
     </span>
     <span class='ocr_line' id='line_1_29' title="bbox 562 3935 3816 4021; baseline 0.002 -22"><span class='ocrx_word' id='word_1_350' title='bbox 562 3942 732 4000; x_wconf 89' lang='lat' dir='ltr'>totus</span> <span class='ocrx_word' id='word_1_351' title='bbox 786 3936 1069 4001; x_wconf 89' lang='lat' dir='ltr'>imbutus</span> <span class='ocrx_word' id='word_1_352' title='bbox 1130 3935 1473 4021; x_wconf 88' lang='lat' dir='ltr'>disciplina</span> <span class='ocrx_word' id='word_1_353' title='bbox 1515 3936 2042 4012; x_wconf 79' lang='lat' dir='ltr'>Theodericiana,</span> <span class='ocrx_word' id='word_1_354' title='bbox 2110 3936 2423 4020; x_wconf 88' lang='lat' dir='ltr'>quomodo</span> <span class='ocrx_word' id='word_1_355' title='bbox 2480 3936 2718 4002; x_wconf 89' lang='lat' dir='ltr'>tradita</span> <span class='ocrx_word' id='word_1_356' title='bbox 2776 3936 2898 4002; x_wconf 89' lang='lat' dir='ltr'>sibi</span> <span class='ocrx_word' id='word_1_357' title='bbox 2944 3936 3294 4003; x_wconf 90' lang='lat' dir='ltr'>Gothorum</span> <span class='ocrx_word' id='word_1_358' title='bbox 3341 3958 3540 4003; x_wconf 87' lang='lat' dir='ltr'>causa</span> <span class='ocrx_word' id='word_1_359' title='bbox 3583 3938 3816 4005; x_wconf 89' lang='lat' dir='ltr'>immu-</span> 
     </span>
     <span class='ocr_line' id='line_1_30' title="bbox 561 4033 3878 4141; baseline 0.001 -22"><span class='ocrx_word' id='word_1_360' title='bbox 561 4054 730 4136; x_wconf 89' lang='lat' dir='ltr'>tarit,</span> <span class='ocrx_word' id='word_1_361' title='bbox 786 4055 850 4120; x_wconf 91' lang='lat' dir='ltr'>in</span> <span class='ocrx_word' id='word_1_362' title='bbox 897 4055 1232 4134; x_wconf 85' lang='lat' dir='ltr'>chronicis,</span> <span class='ocrx_word' id='word_1_363' title='bbox 1288 4076 1430 4121; x_wconf 91' lang='lat' dir='ltr'>cum</span> <span class='ocrx_word' id='word_1_364' title='bbox 1475 4063 1799 4122; x_wconf 88' lang='lat' dir='ltr'>auctorem</span> <span class='ocrx_word' id='word_1_365' title='bbox 1844 4057 1984 4123; x_wconf 89' lang='lat' dir='ltr'>eius</span> <span class='ocrx_word' id='word_1_366' title='bbox 2028 4057 2410 4141; x_wconf 88' lang='lat' dir='ltr'>Prosperum</span> <span class='ocrx_word' id='word_1_367' title='bbox 2456 4058 2840 4137; x_wconf 88' lang='lat' dir='ltr'>habeamus,</span> <span class='ocrx_word' id='word_1_368' title='bbox 2893 4064 3218 4140; x_wconf 86' lang='lat' dir='ltr'>tamquam</span> <span class='ocrx_word' id='word_1_369' title='bbox 3266 4077 3457 4123; x_wconf 87' lang='lat' dir='ltr'>manu</span> <span class='ocrx_word' id='word_1_370' title='bbox 3503 4059 3805 4141; x_wconf 86' lang='lat' dir='ltr'>tangitur.</span> <span class='ocrx_word' id='word_1_371' title='bbox 3873 4033 3878 4036; x_wconf 37' lang='grc'>’</span> 
     </span>
     <span class='ocr_line' id='line_1_31' title="bbox 562 4173 3816 4263; baseline 0.002 -24"><span class='ocrx_word' id='word_1_372' title='bbox 562 4173 679 4240; x_wconf 88' lang='lat' dir='ltr'>sed</span> <span class='ocrx_word' id='word_1_373' title='bbox 729 4175 1099 4241; x_wconf 90' lang='lat' dir='ltr'>Amalorum</span> <span class='ocrx_word' id='word_1_374' title='bbox 1159 4175 1388 4242; x_wconf 88' lang='lat' dir='ltr'>laudes</span> <span class='ocrx_word' id='word_1_375' title='bbox 1451 4185 1516 4242; x_wconf 90' lang='lat' dir='ltr'>et</span> <span class='ocrx_word' id='word_1_376' title='bbox 1578 4175 1870 4243; x_wconf 88' lang='lat' dir='ltr'>‘Gothici</span> <span class='ocrx_word' id='word_1_377' title='bbox 1917 4177 2252 4260; x_wconf 87' lang='lat' dir='ltr'>sanguinis</span> <span class='ocrx_word' id='word_1_378' title='bbox 2296 4177 2726 4243; x_wconf 90' lang='lat' dir='ltr'>nobilitatem’</span> <span class='ocrx_word' id='word_1_379' title='bbox 2784 4181 2856 4258; x_wconf 82' lang='lat' dir='ltr'>(c.</span> <span class='ocrx_word' id='word_1_380' title='bbox 2910 4182 3014 4256; x_wconf 82' lang='grc'>44,</span> <span class='ocrx_word' id='word_1_381' title='bbox 3069 4179 3212 4260; x_wconf 77' lang='lat'><strong>233)</strong></span> <span class='ocrx_word' id='word_1_382' title='bbox 3268 4184 3332 4242; x_wconf 89' lang='lat' dir='ltr'>et</span> <span class='ocrx_word' id='word_1_383' title='bbox 3375 4179 3622 4262; x_wconf 88' lang='lat' dir='ltr'>reliqua</span> <span class='ocrx_word' id='word_1_384' title='bbox 3665 4200 3816 4263; x_wconf 86' lang='lat' dir='ltr'>par-</span> 
     </span>
     <span class='ocr_line' id='line_1_32' title="bbox 561 4295 3814 4382; baseline 0.001 -23"><span class='ocrx_word' id='word_1_385' title='bbox 561 4295 719 4360; x_wconf 91' lang='lat' dir='ltr'>tium</span> <span class='ocrx_word' id='word_1_386' title='bbox 767 4295 1179 4361; x_wconf 89' lang='lat' dir='ltr'>Gothiearum</span> <span class='ocrx_word' id='word_1_387' title='bbox 1226 4296 1507 4380; x_wconf 83' lang='lat' dir='ltr'>vestigia</span> <span class='ocrx_word' id='word_1_388' title='bbox 1553 4317 1634 4363; x_wconf 85' lang='lat' dir='ltr'>ex</span> <span class='ocrx_word' id='word_1_389' title='bbox 1680 4297 2188 4363; x_wconf 84' lang='lat' dir='ltr'>Cassiodorianis</span> <span class='ocrx_word' id='word_1_390' title='bbox 2231 4297 2317 4363; x_wconf 90' lang='lat' dir='ltr'>ad</span> <span class='ocrx_word' id='word_1_391' title='bbox 2363 4297 2589 4363; x_wconf 88' lang='lat' dir='ltr'>Getica</span> <span class='ocrx_word' id='word_1_392' title='bbox 2634 4297 2795 4363; x_wconf 87' lang='lat' dir='ltr'>haec</span> <span class='ocrx_word' id='word_1_393' title='bbox 2836 4303 3192 4382; x_wconf 89' lang='lat' dir='ltr'>propagata</span> <span class='ocrx_word' id='word_1_394' title='bbox 3236 4305 3306 4363; x_wconf 91' lang='lat' dir='ltr'>ut</span> <span class='ocrx_word' id='word_1_395' title='bbox 3355 4318 3814 4382; x_wconf 87' lang='lat' dir='ltr'>persequamur</span> 
     </span>
     <span class='ocr_line' id='line_1_33' title="bbox 560 4415 3810 4502; baseline 0.001 -23"><span class='ocrx_word' id='word_1_396' title='bbox 560 4416 627 4479; x_wconf 92' lang='lat' dir='ltr'>in</span> <span class='ocrx_word' id='word_1_397' title='bbox 674 4415 1040 4481; x_wconf 84' lang='lat' dir='ltr'>universum</span> <span class='ocrx_word' id='word_1_398' title='bbox 1086 4437 1248 4501; x_wconf 85' lang='lat' dir='ltr'>opus</span> <span class='ocrx_word' id='word_1_399' title='bbox 1293 4437 1419 4481; x_wconf 93' lang='lat' dir='ltr'>non</span> <span class='ocrx_word' id='word_1_400' title='bbox 1464 4424 1581 4482; x_wconf 89' lang='lat' dir='ltr'>est.</span> <span class='ocrx_word' id='word_1_401' title='bbox 1676 4417 1890 4502; x_wconf 90' lang='lat' dir='ltr'>placet</span> <span class='ocrx_word' id='word_1_402' title='bbox 1933 4437 2130 4482; x_wconf 90' lang='lat' dir='ltr'>unum</span> <span class='ocrx_word' id='word_1_403' title='bbox 2175 4418 2450 4498; x_wconf 87' lang='lat' dir='ltr'>addere,</span> <span class='ocrx_word' id='word_1_404' title='bbox 2517 4418 2687 4501; x_wconf 86' lang='lat' dir='ltr'>quod</span> <span class='ocrx_word' id='word_1_405' title='bbox 2744 4417 2961 4500; x_wconf 85' lang='lat' dir='ltr'>tetigit</span> <span class='ocrx_word' id='word_1_406' title='bbox 3002 4418 3260 4501; x_wconf 88' lang='lat' dir='ltr'>quidem</span> <span class='ocrx_word' id='word_1_407' title='bbox 3305 4419 3810 4502; x_wconf 88' lang='lat' dir='ltr'>Papencordtius</span> 
     </span>
     <span class='ocr_line' id='line_1_34' title="bbox 561 4535 3812 4621; baseline 0.002 -23"><span class='ocrx_word' id='word_1_408' title='bbox 561 4535 627 4599; x_wconf 89' lang='lat' dir='ltr'>in</span> <span class='ocrx_word' id='word_1_409' title='bbox 673 4535 834 4600; x_wconf 90' lang='lat' dir='ltr'>libro</span> <span class='ocrx_word' id='word_1_410' title='bbox 880 4535 960 4601; x_wconf 92' lang='lat' dir='ltr'>de</span> <span class='ocrx_word' id='word_1_411' title='bbox 1005 4536 1317 4601; x_wconf 85' lang='lat' dir='ltr'>Vandalis</span> <span class='ocrx_word' id='word_1_412' title='bbox 1376 4558 1439 4621; x_wconf 87' lang='lat' dir='ltr'>p.</span> <span class='ocrx_word' id='word_1_413' title='bbox 1488 4539 1611 4601; x_wconf 86' lang='lat'>383</span> <span class='ocrx_word' id='word_1_414' title='bbox 1645 4556 1784 4619; x_wconf 89' lang='lat' dir='ltr'>sq.,</span> <span class='ocrx_word' id='word_1_415' title='bbox 1850 4537 1965 4603; x_wconf 86' lang='lat' dir='ltr'>sed</span> <span class='ocrx_word' id='word_1_416' title='bbox 2029 4544 2096 4603; x_wconf 90' lang='lat' dir='ltr'>ut</span> <span class='ocrx_word' id='word_1_417' title='bbox 2152 4536 2370 4620; x_wconf 87' lang='lat' dir='ltr'>aliqua</span> <span class='ocrx_word' id='word_1_418' title='bbox 2422 4538 2867 4604; x_wconf 87' lang='lat' dir='ltr'>retractatione</span> <span class='ocrx_word' id='word_1_419' title='bbox 2925 4537 3218 4620; x_wconf 91' lang='lat' dir='ltr'>indigere</span> <span class='ocrx_word' id='word_1_420' title='bbox 3277 4538 3600 4620; x_wconf 87' lang='lat' dir='ltr'>videatur,</span> <span class='ocrx_word' id='word_1_421' title='bbox 3670 4540 3812 4604; x_wconf 83' lang='lat' dir='ltr'>(lico</span> 
     </span>
     <span class='ocr_line' id='line_1_35' title="bbox 562 4656 3810 4743; baseline 0.002 -27"><span class='ocrx_word' id='word_1_422' title='bbox 562 4656 1081 4721; x_wconf 83' lang='lat' dir='ltr'>obtrectationem</span> <span class='ocrx_word' id='word_1_423' title='bbox 1126 4656 1408 4721; x_wconf 89' lang='lat' dir='ltr'>auctoris</span> <span class='ocrx_word' id='word_1_424' title='bbox 1451 4657 1517 4722; x_wconf 87' lang='lat' dir='ltr'>in</span> <span class='ocrx_word' id='word_1_425' title='bbox 1548 4657 1875 4722; x_wconf 89' lang='lat' dir='ltr'>Vandalos</span> <span class='ocrx_word' id='word_1_426' title='bbox 1919 4677 2034 4742; x_wconf 90' lang='lat' dir='ltr'>per</span> <span class='ocrx_word' id='word_1_427' title='bbox 2066 4657 2276 4722; x_wconf 72' lang='lat' dir='ltr'>&#39;totum</span> <span class='ocrx_word' id='word_1_428' title='bbox 2322 4657 2553 4722; x_wconf 88' lang='lat' dir='ltr'>librum</span> <span class='ocrx_word' id='word_1_429' title='bbox 2601 4659 2972 4743; x_wconf 88' lang='lat' dir='ltr'>spirantem.</span> <span class='ocrx_word' id='word_1_430' title='bbox 3054 4678 3200 4722; x_wconf 87' lang='lat' dir='ltr'>nam</span> <span class='ocrx_word' id='word_1_431' title='bbox 3245 4679 3371 4722; x_wconf 87' lang='lat' dir='ltr'>non</span> <span class='ocrx_word' id='word_1_432' title='bbox 3418 4659 3620 4722; x_wconf 85' lang='lat' dir='ltr'>solum</span> <span class='ocrx_word' id='word_1_433' title='bbox 3668 4667 3810 4743; x_wconf 87' lang='lat' dir='ltr'>post</span> 
     </span>
     <span class='ocr_line' id='line_1_36' title="bbox 563 4775 3812 4862; baseline 0.001 -23"><span class='ocrx_word' id='word_1_434' title='bbox 563 4775 845 4841; x_wconf 89' lang='lat' dir='ltr'>relictam</span> <span class='ocrx_word' id='word_1_435' title='bbox 893 4776 1345 4841; x_wconf 83' lang='lat' dir='ltr'>Scadinaviam</span> <span class='ocrx_word' id='word_1_436' title='bbox 1391 4797 1551 4859; x_wconf 87' lang='lat' dir='ltr'>quos</span> <span class='ocrx_word' id='word_1_437' title='bbox 1595 4777 1832 4862; x_wconf 87' lang='lat' dir='ltr'>primos</span> <span class='ocrx_word' id='word_1_438' title='bbox 1878 4776 2071 4843; x_wconf 89' lang='lat' dir='ltr'>Gothi</span> <span class='ocrx_word' id='word_1_439' title='bbox 2118 4777 2395 4858; x_wconf 77' lang='lat' dir='ltr'>vincunt,</span> <span class='ocrx_word' id='word_1_440' title='bbox 2451 4778 2729 4844; x_wconf 88' lang='lat' dir='ltr'>Vandali</span> <span class='ocrx_word' id='word_1_441' title='bbox 2775 4784 2924 4844; x_wconf 89' lang='lat' dir='ltr'>sunt</span> <span class='ocrx_word' id='word_1_442' title='bbox 2977 4778 3052 4860; x_wconf 91' lang='lat' dir='ltr'>(c.</span> <span class='ocrx_word' id='word_1_443' title='bbox 3105 4781 3165 4858; x_wconf 75' lang='lat'>4,</span> <span class='ocrx_word' id='word_1_444' title='bbox 3220 4780 3366 4861; x_wconf 84' lang='lat'>26),</span> <span class='ocrx_word' id='word_1_445' title='bbox 3426 4777 3542 4843; x_wconf 90' lang='lat' dir='ltr'>sed</span> <span class='ocrx_word' id='word_1_446' title='bbox 3587 4785 3812 4862; x_wconf 84' lang='lat' dir='ltr'>postea</span> 
     </span>
     <span class='ocr_line' id='line_1_37' title="bbox 562 4895 3812 4983; baseline 0.001 -23"><span class='ocrx_word' id='word_1_447' title='bbox 562 4915 812 4979; x_wconf 89' lang='lat' dir='ltr'>quoque</span> <span class='ocrx_word' id='word_1_448' title='bbox 858 4896 1157 4961; x_wconf 89' lang='lat' dir='ltr'>universa</span> <span class='ocrx_word' id='word_1_449' title='bbox 1201 4896 1469 4962; x_wconf 87' lang='lat' dir='ltr'>historia</span> <span class='ocrx_word' id='word_1_450' title='bbox 1527 4897 1805 4962; x_wconf 89' lang='lat' dir='ltr'>nationis</span> <span class='ocrx_word' id='word_1_451' title='bbox 1849 4896 2244 4963; x_wconf 89' lang='lat' dir='ltr'>Vandalicae</span> <span class='ocrx_word' id='word_1_452' title='bbox 2302 4898 2477 4983; x_wconf 89' lang='lat' dir='ltr'>apud</span> <span class='ocrx_word' id='word_1_453' title='bbox 2521 4898 2858 4964; x_wconf 90' lang='lat' dir='ltr'>Iordanem</span> <span class='ocrx_word' id='word_1_454' title='bbox 2919 4918 2997 4964; x_wconf 91' lang='lat' dir='ltr'>eo</span> <span class='ocrx_word' id='word_1_455' title='bbox 3055 4895 3255 4977; x_wconf 88' lang='lat' dir='ltr'>redit,</span> <span class='ocrx_word' id='word_1_456' title='bbox 3324 4897 3494 4980; x_wconf 89' lang='lat' dir='ltr'>quod</span> <span class='ocrx_word' id='word_1_457' title='bbox 3515 4950 3529 4978; x_wconf 92' lang='lat'>,</span> <span class='ocrx_word' id='word_1_458' title='bbox 3594 4905 3665 4963; x_wconf 89' lang='lat' dir='ltr'>ut</span> <span class='ocrx_word' id='word_1_459' title='bbox 3719 4898 3812 4963; x_wconf 86' lang='lat' dir='ltr'>ait</span> 
     </span>
     <span class='ocr_line' id='line_1_38' title="bbox 561 5016 3808 5103; baseline 0 -22"><span class='ocrx_word' id='word_1_460' title='bbox 561 5036 619 5081; x_wconf 89' lang='lat' dir='ltr'>e.</span> <span class='ocrx_word' id='word_1_461' title='bbox 675 5019 775 5098; x_wconf 88' lang='grc'>16,</span> <span class='ocrx_word' id='word_1_462' title='bbox 830 5019 943 5098; x_wconf 83' lang='grc'>89,</span> <span class='ocrx_word' id='word_1_463' title='bbox 1017 5018 1031 5047; x_wconf 77' lang='lat'>‘</span> <span class='ocrx_word' id='word_1_464' title='bbox 1054 5017 1172 5081; x_wconf 92' lang='lat' dir='ltr'>sub</span> <span class='ocrx_word' id='word_1_465' title='bbox 1230 5016 1460 5100; x_wconf 86' lang='lat' dir='ltr'>(Gothi)</span> <span class='ocrx_word' id='word_1_466' title='bbox 1517 5018 1784 5083; x_wconf 86' lang='lat' dir='ltr'>dextera</span> <span class='ocrx_word' id='word_1_467' title='bbox 1842 5036 2038 5103; x_wconf 88' lang='lat' dir='ltr'>saepe</span> <span class='ocrx_word' id='word_1_468' title='bbox 2082 5016 2416 5083; x_wconf 88' lang='lat' dir='ltr'>Vandalus</span> <span class='ocrx_word' id='word_1_469' title='bbox 2469 5018 2720 5084; x_wconf 88' lang='lat' dir='ltr'>iacuit’.</span> <span class='ocrx_word' id='word_1_470' title='bbox 2814 5018 2906 5084; x_wconf 88' lang='lat' dir='ltr'>ita</span> <span class='ocrx_word' id='word_1_471' title='bbox 2947 5016 3226 5082; x_wconf 89' lang='lat' dir='ltr'>Vandali</span> <span class='ocrx_word' id='word_1_472' title='bbox 3285 5039 3327 5083; x_wconf 89' lang='lat' dir='ltr'>a</span> <span class='ocrx_word' id='word_1_473' title='bbox 3371 5016 3600 5083; x_wconf 89' lang='lat' dir='ltr'>Gothis</span> <span class='ocrx_word' id='word_1_474' title='bbox 3660 5017 3808 5083; x_wconf 90' lang='lat' dir='ltr'>victi</span> 
     </span>
     <span class='ocr_line' id='line_1_39' title="bbox 562 5136 3800 5222; baseline 0 -21"><span class='ocrx_word' id='word_1_475' title='bbox 562 5156 643 5201; x_wconf 86' lang='lat' dir='ltr'>ex</span> <span class='ocrx_word' id='word_1_476' title='bbox 687 5136 950 5220; x_wconf 88' lang='lat' dir='ltr'>antiqua</span> <span class='ocrx_word' id='word_1_477' title='bbox 978 5136 1185 5202; x_wconf 88' lang='lat' dir='ltr'>Dacia</span> <span class='ocrx_word' id='word_1_478' title='bbox 1226 5136 1293 5201; x_wconf 91' lang='lat' dir='ltr'>in</span> <span class='ocrx_word' id='word_1_479' title='bbox 1323 5137 1720 5203; x_wconf 89' lang='lat' dir='ltr'>Pannoniam</span> <span class='ocrx_word' id='word_1_480' title='bbox 1765 5137 2221 5221; x_wconf 88' lang='lat' dir='ltr'>transmigrant</span> <span class='ocrx_word' id='word_1_481' title='bbox 2263 5137 2572 5203; x_wconf 89' lang='lat' dir='ltr'>dedentes</span> <span class='ocrx_word' id='word_1_482' title='bbox 2603 5158 2673 5204; x_wconf 93' lang='lat' dir='ltr'>se</span> <span class='ocrx_word' id='word_1_483' title='bbox 2701 5136 3068 5222; x_wconf 89' lang='lat' dir='ltr'>imperatori</span> <span class='ocrx_word' id='word_1_484' title='bbox 3101 5137 3517 5203; x_wconf 86' lang='lat' dir='ltr'>Constantino</span> <span class='ocrx_word' id='word_1_485' title='bbox 3559 5141 3631 5222; x_wconf 64' lang='lat' dir='ltr'>(c.</span> <span class='ocrx_word' id='word_1_486' title='bbox 3670 5140 3800 5220; x_wconf 87' lang='grc'>22).</span> 
     </span>
     <span class='ocr_line' id='line_1_40' title="bbox 561 5255 3811 5343; baseline 0 -23"><span class='ocrx_word' id='word_1_487' title='bbox 561 5256 654 5321; x_wconf 84' lang='lat' dir='ltr'>ita</span> <span class='ocrx_word' id='word_1_488' title='bbox 697 5255 933 5323; x_wconf 91' lang='lat' dir='ltr'>deinde</span> <span class='ocrx_word' id='word_1_489' title='bbox 978 5257 1341 5323; x_wconf 89' lang='lat' dir='ltr'>narratione</span> <span class='ocrx_word' id='word_1_490' title='bbox 1387 5264 1452 5323; x_wconf 89' lang='lat' dir='ltr'>et</span> <span class='ocrx_word' id='word_1_491' title='bbox 1493 5256 1581 5322; x_wconf 91' lang='lat' dir='ltr'>ad</span> <span class='ocrx_word' id='word_1_492' title='bbox 1624 5264 1911 5342; x_wconf 89' lang='lat' dir='ltr'>tempora</span> <span class='ocrx_word' id='word_1_493' title='bbox 1955 5263 2020 5323; x_wconf 90' lang='lat' dir='ltr'>et</span> <span class='ocrx_word' id='word_1_494' title='bbox 2063 5255 2150 5322; x_wconf 92' lang='lat' dir='ltr'>ad</span> <span class='ocrx_word' id='word_1_495' title='bbox 2193 5277 2401 5323; x_wconf 91' lang='lat' dir='ltr'>rerum</span> <span class='ocrx_word' id='word_1_496' title='bbox 2447 5276 2678 5324; x_wconf 89' lang='lat' dir='ltr'>causas</span> <span class='ocrx_word' id='word_1_497' title='bbox 2721 5257 2980 5341; x_wconf 89' lang='lat' dir='ltr'>aliaque</span> <span class='ocrx_word' id='word_1_498' title='bbox 3024 5257 3238 5323; x_wconf 89' lang='lat' dir='ltr'>omnia</span> <span class='ocrx_word' id='word_1_499' title='bbox 3291 5259 3370 5340; x_wconf 90' lang='lat' dir='ltr'>(v.</span> <span class='ocrx_word' id='word_1_500' title='bbox 3410 5258 3811 5343; x_wconf 86' lang='lat' dir='ltr'>Papencordt</span> 
     </span>
    </p>
   </div>
   <div class='ocr_carea' id='block_1_3' title="bbox 566 5601 3805 5750">
    <p class='ocr_par' dir='ltr' id='par_1_4' title="bbox 566 5601 3805 5750">
     <span class='ocr_line' id='line_1_41' title="bbox 740 5601 3805 5667; baseline -0 -16"><span class='ocrx_word' id='word_1_501' title='bbox 740 5602 819 5663; x_wconf 68' lang='lat'>10)</span> <span class='ocrx_word' id='word_1_502' title='bbox 862 5601 1026 5651; x_wconf 71' lang='lat' dir='ltr'>Etiam</span> <span class='ocrx_word' id='word_1_503' title='bbox 1063 5604 1339 5652; x_wconf 82' lang='lat' dir='ltr'>secundum</span> <span class='ocrx_word' id='word_1_504' title='bbox 1376 5604 1636 5653; x_wconf 71' lang='lat' dir='ltr'>Iordanem</span> <span class='ocrx_word' id='word_1_505' title='bbox 1673 5617 1716 5652; x_wconf 84' lang='lat' dir='ltr'>c.</span> <span class='ocrx_word' id='word_1_506' title='bbox 1760 5602 1846 5667; x_wconf 83' lang='grc'>57,</span> <span class='ocrx_word' id='word_1_507' title='bbox 1887 5601 1987 5652; x_wconf 80' lang='grc'>292</span> <span class='ocrx_word' id='word_1_508' title='bbox 2036 5603 2371 5654; x_wconf 83' lang='lat' dir='ltr'>Theodericus</span> <span class='ocrx_word' id='word_1_509' title='bbox 2417 5616 2590 5654; x_wconf 83' lang='lat' dir='ltr'>omnes</span> <span class='ocrx_word' id='word_1_510' title='bbox 2627 5603 2812 5652; x_wconf 81' lang='lat' dir='ltr'>Gothos</span> <span class='ocrx_word' id='word_1_511' title='bbox 2860 5605 2913 5652; x_wconf 90' lang='lat' dir='ltr'>in</span> <span class='ocrx_word' id='word_1_512' title='bbox 2949 5604 3144 5652; x_wconf 68' lang='lat' dir='ltr'>Italiam</span> <span class='ocrx_word' id='word_1_513' title='bbox 3189 5603 3338 5652; x_wconf 82' lang='lat' dir='ltr'>duxit</span> <span class='ocrx_word' id='word_1_514' title='bbox 3392 5604 3508 5665; x_wconf 82' lang='lat' dir='ltr'>‘qui</span> <span class='ocrx_word' id='word_1_515' title='bbox 3545 5608 3712 5651; x_wconf 72' lang='lat' dir='ltr'>tamen</span> <span class='ocrx_word' id='word_1_516' title='bbox 3758 5605 3805 5650; x_wconf 81' lang='lat' dir='ltr'>ei</span> 
     </span>
     <span class='ocr_line' id='line_1_42' title="bbox 566 5688 1316 5750; baseline 0.003 -12"><span class='ocrx_word' id='word_1_517' title='bbox 566 5693 580 5716; x_wconf 76' lang='lat'><strong>⁴</strong></span> <span class='ocrx_word' id='word_1_518' title='bbox 599 5701 897 5738; x_wconf 75' lang='lat' dir='ltr'>consensum</span> <span class='ocrx_word' id='word_1_519' title='bbox 931 5688 1316 5750; x_wconf 67' lang='lat' dir='ltr'>praebuerunt’.</span> 
     </span>
    </p>
   </div>
   <div class='ocr_carea' id='block_1_4' title="bbox 741 5774 2040 5838">
    <p class='ocr_par' dir='ltr' id='par_1_5' title="bbox 741 5774 2040 5838">
     <span class='ocr_line' id='line_1_43' title="bbox 741 5774 2040 5838; baseline 0.001 -15"><span class='ocrx_word' id='word_1_520' title='bbox 741 5775 818 5836; x_wconf 78' lang='lat'>11)</span> <span class='ocrx_word' id='word_1_521' title='bbox 859 5774 940 5824; x_wconf 77' lang='lat' dir='ltr'>Cf.</span> <span class='ocrx_word' id='word_1_522' title='bbox 981 5775 1081 5825; x_wconf 72' lang='lat' dir='ltr'>lac.</span> <span class='ocrx_word' id='word_1_523' title='bbox 1120 5774 1315 5824; x_wconf 85' lang='lat' dir='ltr'>Grlmm</span> <span class='ocrx_word' id='word_1_524' title='bbox 1350 5777 1507 5826; x_wconf 67' lang='lat' dir='ltr'>kleine</span> <span class='ocrx_word' id='word_1_525' title='bbox 1541 5774 1793 5836; x_wconf 70' lang='lat' dir='ltr'>Schriften</span> <span class='ocrx_word' id='word_1_526' title='bbox 1828 5774 1878 5838; x_wconf 83' lang='lat'>3,</span> <span class='ocrx_word' id='word_1_527' title='bbox 1926 5775 2040 5825; x_wconf 79' lang='lat'>176.</span> 
     </span>
    </p>
   </div>
  </div>
 </body>
</html>
