4882 6775
1127 432 1211 495 62
2575 422 2937 479 loanAms

1035 618 1086 682 V
1133 617 1355 702 Caspii
1399 617 1597 681 maris
1645 623 2158 692 commanentes;
2229 616 2316 680 ab
2360 614 2694 680 occidente
2738 614 3094 680 Germanos
3140 628 3206 679 et
3247 612 3484 678 flumen
3531 613 3857 689 Vistulae;
3930 614 4013 677 ab
4057 620 4268 693 arctu,
4316 613 4382 678 id

1132 728 1233 786 est
1275 719 1799 805 septentrionali,
1867 717 2297 784 circumdatur
2338 738 2613 799 oceano,
2681 739 2724 782 a
2766 715 3076 782 meridiae
3122 715 3420 797 Persida,
3471 715 3788 795 Albania,
3841 715 4141 797 Hiberia,
4192 716 4384 782 Ponto

1005 828 1088 887 32
1135 829 1326 907 atque
1372 830 1657 888 extremo
1701 823 1890 887 alveo
1920 821 2090 902 Istri,
2143 821 2253 904 qui
2296 820 2528 886 dicitur
2564 819 2899 885 Danubius
2944 820 3028 885 ab
3074 826 3257 886 ostea
3301 839 3421 883 sua
3463 837 3667 903 usque
3713 817 3800 883 ad
3845 817 4108 884 fontem.
4202 817 4266 882 in
4310 840 4382 884 eo

1131 947 1283 991 vero
1313 928 1538 1007 latere,
1589 946 1719 1010 qua
1749 924 2081 991 Ponticum
2128 924 2280 989 litus
2326 923 2607 1007 attingit,
2661 922 2917 1008 oppidis
2961 922 3119 988 haut
3161 921 3451 988 obscuris
3494 921 3865 1002 involvitur,
3915 921 4377 1002 Boristhenide,

1132 1028 1346 1108 Olbia,
1399 1028 1811 1113 Callipolida,
1865 1026 2216 1107 Chersona,
2269 1026 2659 1108 Theodosia,
2713 1027 2985 1107 Careon,
3037 1025 3416 1111 Myrmicion
3461 1031 3528 1091 et
3569 1026 4011 1108 Trapezunta,
4083 1044 4246 1109 quas
4288 1025 4383 1090 in-
4418 1047 4443 1086 ⁵

1133 1131 1357 1197 domiti
1393 1131 1776 1215 Scytharum
1825 1131 2120 1196 nationes
2152 1129 2378 1195 Grecis
2422 1129 2854 1215 permiserunt
2898 1128 3194 1210 condere,
3246 1128 3505 1194 sibimet
3545 1126 3928 1193 commercia
3970 1134 4379 1213 prestaturos.

1137 1235 1204 1300 in
1266 1234 1449 1300 cuius
1511 1232 1817 1319 Scythiae
1873 1233 2151 1299 medium
2215 1240 2313 1299 est
2362 1233 2578 1313 locus,
2652 1233 2763 1317 qui
2821 1232 3047 1298 Asiam
3103 1233 3555 1317 Europamque
3623 1232 3704 1296 ab
3771 1231 4077 1297 alterutro
4135 1231 4379 1307 dividit,

1134 1337 1367 1422 Riphei
1440 1337 1689 1403 scilicet
1761 1344 2044 1419 montes,
2125 1337 2234 1420 qui
2287 1335 2584 1401 Thanain
2645 1335 3082 1401 vastissimum
3140 1334 3416 1400 fundunt
3468 1334 3808 1400 intrantem
3870 1334 4155 1417 Meotida
4213 1335 4385 1400 cuius

1007 1448 1087 1508 33
1133 1439 1392 1526 paludis
1419 1442 1456 1524 ¹)
1513 1440 1813 1505 circuitus
1859 1459 2169 1525 passuum
2215 1439 2352 1503 mil.
2403 1457 2687 1520 cxmm,
2754 1458 3072 1520 nusquam
3130 1444 3271 1503 octo
3328 1437 3500 1502 ulnis
3559 1437 3756 1502 altius
3816 1436 4234 1529 subsidentis.
4322 1438 4387 1504 iu

1135 1565 1262 1626 qua
1307 1542 1580 1626 Scythia
1621 1543 1830 1628 prima
1872 1542 1955 1607 ab
2001 1542 2331 1607 occidente
2375 1561 2540 1625 gens
2584 1539 2824 1606 residet
2869 1540 3290 1625 Gepidarum,
3341 1560 3466 1621 que
3509 1540 3762 1623 magnis
3806 1540 4213 1625 opinatisque
4257 1562 4389 1606 am-
4427 1560 4477 1602 ιο

1136 1645 1308 1712 bitur
1349 1646 1741 1711 fluminibus.
1834 1666 1984 1710 nam
2030 1644 2215 1710 Tisia
2259 1665 2375 1729 per
2418 1644 2786 1726 aquilonem
2833 1644 2973 1709 eius
3018 1643 3405 1725 chorumque
3452 1643 3786 1719 discurrit;
3850 1643 3934 1708 ab
3994 1642 4196 1709 africo
4248 1664 4391 1709 vero

1135 1769 1409 1833 magnus
1466 1750 1607 1835 ipse
1666 1748 2036 1831 Danubius,
2103 1748 2185 1814 ab
2246 1769 2362 1814 eoo
2424 1748 2757 1813 Flutausis
2815 1753 3025 1829 secat,
3094 1747 3203 1830 qui
3266 1747 3533 1831 rapidus
3591 1767 3670 1812 ac
3729 1746 4082 1817 verticosus
4140 1745 4207 1811 in
4251 1746 4392 1811 Istri

1006 1862 1086 1921 34
1133 1853 1376 1918 fluenta
1422 1852 1640 1918 furens
1686 1852 2049 1918 divolvitur.
2122 1852 2434 1917 introrsus
2476 1850 2612 1917 illis
2657 1850 2866 1916 Dacia
2911 1858 3030 1933 est,
3083 1850 3169 1915 ad
3215 1870 3484 1915 coronae
3531 1850 3810 1936 speciem
3857 1850 4079 1915 arduis
4123 1850 4394 1935 Alpibus

1135 1956 1459 2037 emunita,
1527 1956 1706 2021 iuxta
1749 1976 2015 2039 quorum
2062 1955 2391 2021 sinistrum
2439 1956 2649 2033 latus,
2716 1954 2824 2038 qui
2871 1953 2935 2018 in
2980 1953 3280 2037 aquilone
3326 1954 3571 2037 vergit,
3624 1954 3708 2018 ab
3753 1960 3891 2018 ortu
3940 1953 4233 2019 Vistulae
4277 1954 4392 2018 flu-

1137 2058 1328 2123 minis
1387 2080 1504 2143 per
1557 2059 1852 2124 inmensa
1913 2059 2129 2142 spatia
2171 2058 2607 2124 Venetharum
2655 2058 2829 2123 natio
2873 2058 3189 2142 populosa
3233 2056 3545 2122 consedit.
3637 2078 3901 2140 quorum
3950 2057 4212 2122 nomina
4255 2056 4396 2122 licet
4432 2078 4481 2117 ιτ»

1138 2183 1309 2228 nunc
1366 2183 1481 2246 per
1525 2162 1740 2227 varias
1786 2161 2070 2228 familias
2116 2168 2182 2227 et
2224 2163 2367 2228 loca
2409 2166 2771 2244 mutentur,
2838 2160 3278 2247 principaliter
3322 2167 3538 2227 tamen
3585 2160 3886 2227 Sclaveni
3930 2167 3996 2227 et
4036 2160 4240 2227 Antes
4284 2181 4392 2227 no-

1315 2528 1436 2574 HP
1466 2529 1502 2574 V
1525 2528 1570 2575 L
1595 2529 1639 2574 A
1671 2529 1714 2574 O
1741 2528 1786 2575 Β
1813 2530 1858 2575 Χ
1886 2528 1952 2587 (Υ
1979 2529 2060 2589 Ζ).
2136 2529 2262 2579 Βαυ.
2305 2532 2354 2589 4,
2395 2530 2428 2577 3
2462 2544 2512 2587 p.
2558 2530 2655 2576 173
2692 2527 2758 2574 ad
2793 2544 2841 2574 v.
2884 2526 2944 2575 4:
3002 2528 3345 2587 Boristenida,
3388 2527 3695 2589 OlbiapoliS,
3741 2528 3944 2589 Gapolis
3980 2528 4097 2575 Dori
4141 2528 4262 2587 (dori
4300 2543 4396 2574 cor-

1139 2620 1340 2675 mptum
1375 2618 1444 2660 est
1480 2629 1537 2661 ex
1573 2613 1635 2660 da
1669 2615 1893 2662 vocabuli
1929 2613 2254 2677 callipolida),
2297 2615 2568 2675 Chersona,
2608 2614 2968 2675 Theosiopolis,
3009 2614 3216 2673 careon,
3258 2614 3537 2677 Trapezus.
3649 2616 3699 2675 5,
3745 2617 3804 2660 11
3840 2628 3895 2673 p.
3935 2616 4067 2661 369.-
4106 2614 4390 2675 Olivapolis,
4489 2611 4497 2620 “

1141 2699 1475 2759 Peristenida,
1517 2698 1773 2760 Calipolis,
1815 2700 2049 2761 cersona,
2089 2700 2383 2761 Theodosia,
2425 2701 2729 2762 Dosiopolis,
2770 2700 2974 2760 Careon,
3016 2701 3291 2762 Trapezus.
3367 2706 3416 2763 4,
3453 2703 3512 2746 u
3550 2714 3605 2760 p.
3636 2701 3735 2747 20⁴
3773 2698 3840 2747 ad
3865 2717 3915 2748 v.
3950 2698 4035 2750 12:
4080 2701 4270 2748 fluvius
4294 2700 4399 2748 Fla-

1140 2787 1319 2848 tausis,
1360 2787 1520 2834 citans
1558 2785 1836 2835 Iordanem.

1319 2957 1339 3006 1
1382 2962 1752 3007 commonentes
1794 2958 1837 3006 O
2112 2972 2379 3018 germanus
2420 2958 2466 3005 O
2740 2961 2960 3008 iustulae
3000 2962 3057 3019 Β,
3114 2961 3285 3008 fistule
3325 2960 3370 3007 O
3646 2956 3810 3025 aretu]
3860 2960 4016 3021 HPV,
4068 2965 4205 3009 arcto
4241 2962 4391 3023 AOB,

1142 3050 1398 3093 arcturon
1439 3045 1498 3107 L,
1540 3050 1705 3093 arctoa
1739 3047 1786 3092 Χ
1796 3044 1878 3091 ΥΖ
2085 3045 2135 3093 id
2172 3048 2250 3093 est
2284 3060 2382 3095 om.
2424 3046 2469 3091 A
2680 3044 2712 3092 2
2750 3042 3157 3111 septentrionali]
3193 3047 3579 3095 sententrionali
3628 3046 3681 3106 V,
3722 3048 4066 3109 septentrione
4104 3048 4149 3094 Β
4350 3045 4398 3115 a]

1141 3136 1193 3178 et
1225 3131 1268 3177 O
1476 3132 1705 3179 meritiae
1737 3130 1779 3177 P
1985 3132 2185 3193 perside
2212 3134 2253 3179 A
2466 3131 2498 3181 3
2535 3132 2706 3181 histiri
2739 3131 2798 3192 O,
2841 3134 2990 3181 histri
3017 3134 3109 3181 ΒΧ
3121 3133 3172 3195 Υ,
3214 3135 3374 3182 histro
3401 3135 3443 3179 A
3653 3133 3895 3181 danubios
3935 3133 3992 3193 P,
4033 3134 4252 3182 danubio
4292 3136 4332 3183 A

1141 3222 1280 3265 ostea
1317 3214 1431 3282 sua]
1469 3217 1624 3278 HPV,
1668 3217 1839 3265 hostea
1875 3232 1966 3265 sua
1988 3218 2050 3279 L,
2091 3218 2254 3265 hostia
2290 3233 2382 3266 sua
2412 3217 2474 3280 O,
2516 3220 2642 3266 ostio
2682 3233 2772 3266 suo
2810 3220 2899 3266 ΒΧ
2913 3219 2963 3281 Υ,
3004 3221 3153 3268 ostiis
3188 3221 3299 3268 suis
3337 3220 3379 3265 A
3589 3218 3619 3267 4
3658 3215 3839 3284 latere]
3877 3220 3980 3267 loco
4014 3221 4169 3275 latere
4212 3221 4271 3283 O,
4311 3222 4400 3270 loc-i

1141 3304 1298 3350 latere
1335 3303 1380 3349 B
1589 3318 1737 3365 quam
1778 3303 1822 3350 L
2030 3305 2144 3353 litos
2182 3304 2228 3350 P
2432 3305 2604 3366 attigit
2641 3303 2715 3351 A·
2924 3303 3073 3372 haut]
3114 3306 3174 3368 Ο,
3215 3312 3302 3354 aut
3339 3305 3542 3366 HPVL,
3591 3306 3724 3353 haud
3765 3306 3957 3353 ΑΒΧΥ
4156 3308 4397 3356 boristhe-

1143 3385 1288 3456 nide]
1325 3390 1577 3453 HPVXZ,
1618 3390 1927 3438 boristenide
1966 3391 2069 3452 LY,
2110 3390 2479 3439 boritthenidae
2522 3392 2677 3451 (-diae
2718 3391 2807 3454 0⁶)
2856 3392 2915 3453 O,
2956 3393 3275 3443 borithenide
3312 3394 3373 3454 Β,
3414 3392 3701 3441 horistende
3740 3392 3784 3440 A
4097 3394 4128 3441 5
4166 3396 4303 3454 olpia
4338 3394 4394 3454 L,

1142 3476 1289 3523 obbia
1314 3478 1362 3523 Χ
1565 3473 1874 3543 callipolida]
1909 3479 2081 3537 scripsi
2115 3491 2171 3524 a
2211 3477 2497 3526 Rauennate
2532 3480 2711 3527 collato
2748 3479 2951 3540 Scylace
2974 3495 3019 3529 e.
3049 3481 3147 3528 93.-
3186 3471 3364 3546 Ὀλβία
3398 3477 3485 3529 καὶ
3519 3475 3677 3546 λιμήν
3698 3493 3709 3504 ·
3750 3473 4069 3535 Καλλίπολις
4103 3478 4192 3530 καὶ
4226 3477 4395 3548 λιμήν,

1143 3563 1389 3624 callipoda
1428 3563 1670 3625 (calipoda
1710 3562 1813 3625 OB)
1858 3564 2002 3612 libri:
2040 3563 2219 3612 diverai
2254 3569 2372 3612 sunt
2412 3565 2689 3626 Callipidae
2731 3564 2820 3627 (ef.
2861 3565 3037 3614 Strabo
3079 3569 3156 3628 12²,
3198 3568 3249 3627 3,
3292 3569 3354 3614 ‘21
3391 3582 3446 3628 p.
3476 3568 3595 3627 550)
3638 3564 3780 3625 infra
3813 3580 3857 3616 e.
3899 3570 3950 3626 5,
3992 3568 4059 3614 ⁴5
4092 3569 4336 3615 nominati

1144 3650 1386 3696 chersone
1421 3648 1480 3710 P,
1520 3662 1724 3697 cersona
1759 3649 1801 3696 L
2008 3664 2186 3710 gareon
2217 3651 2285 3697 Ζ.·
2325 3651 2513 3699 Careon
2540 3667 2653 3699 cum
2677 3653 2940 3700 collocetur
2964 3656 3091 3701 inter
3120 3653 3439 3701 Theodosium
3463 3659 3509 3701 et
3535 3652 3853 3714 Myr-metium
3897 3652 3987 3714 (ef.
4016 3652 4188 3701 Strabo
4215 3656 4263 3714 7,
4295 3662 4338 3712 a,
4370 3656 4399 3701 5

1140 3750 1190 3795 p.
1215 3735 1360 3796 310),
1399 3740 1532 3795 palei
1567 3736 1786 3794 intelleqi
1822 3736 2211 3797 Panticapaeum
2233 3774 2246 3800 ,
2285 3737 2411 3800 quod
2446 3751 2551 3785 non
2582 3743 2744 3798 potuit
2778 3742 2992 3788 omittere
3027 3742 3114 3801 qui
3150 3739 3428 3787 recensebat
3470 3739 3658 3787 Graeca
3692 3739 3880 3800 oppida
3916 3743 3969 3787 in
4005 3741 4148 3788 litore
4185 3739 4399 3803 Scythiae

1143 3819 1374 3868 condita.-
1429 3821 1514 3868 κά
1559 3823 1738 3868 erravit
1784 3836 1885 3869 non
1931 3823 2192 3884 librarius,
2249 3827 2303 3871 at
2353 3823 2588 3872 Iordanes
2636 3830 2868 3873 auctor-ve
2916 3828 3023 3873 eius
3072 3825 3415 3873 Cassiodorius
3463 3824 3652 3874 Graeco
3705 3830 3903 3874 auctore
3955 3840 4077 3873 ustas
4123 3828 4338 3886 imperite

1145 3907 1422 3954 mirmicion
1451 3907 1539 3954 LX
1553 3905 1652 3968 YZ,
1695 3908 1969 3956 mirmition
1998 3909 2058 3970 Β,
2101 3910 2384 3958 mirmlceon
2413 3910 2453 3956 A
2666 3912 2951 3973 trapeiunta
2977 3911 3030 3956 H
3038 3910 3143 3972 VO,
3187 3913 3502 3974 trapeiuncta
3528 3912 3680 3972 PAB,
3721 3914 4005 3975 trepeiunta
4030 3912 4090 3973 L,
4132 3914 4399 3974 trapeianta

1147 3994 1209 4052 Χ,
1248 3994 1532 4054 tarpeianta
1578 3992 1643 4040 Y.-
1680 3994 1935 4055 Trapezus
1973 3994 2099 4044 Βαυ.
2312 4010 2436 4056 quas
2475 3994 2730 4062 indomiti]
2766 3996 2927 4058 HPL,
2969 4012 3092 4058 quas
3130 3998 3404 4046 indomitae
3439 3998 3635 4059 VAXY,
3677 3999 3820 4060 quasi
3858 4000 4116 4048 indomitis
4158 3999 4219 4060 O,
4259 4012 4397 4060 quam

1145 4080 1216 4125 ibi
1252 4079 1467 4127 domitos
1502 4080 1548 4126 Β
1755 4079 1786 4128 6
1824 4079 2099 4128 scitharum
2143 4080 2249 4142 OB,
2292 4082 2570 4141 scythimm
2608 4082 2797 4130 HPVL
3005 4084 3211 4132 natione
3252 4083 3344 4131 OB
3552 4098 3721 4145 grecos
3761 4085 3855 4132 AB
4061 4085 4395 4132 commertium

1147 4166 1192 4212 Χ
1203 4166 1240 4213 Y
1442 4170 1756 4226 prestaturus
1799 4166 1842 4214 O
2053 4167 2080 4215 7
2122 4168 2343 4227 scythiae
2377 4168 2544 4216 medio
2580 4169 2671 4215 ΒΧ
2683 4170 2734 4230 Y,
2778 4169 2940 4217 medio
2976 4170 3197 4228 scythiae
3226 4169 3270 4217 A
3479 4185 3787 4232 erupamque
3814 4171 3857 4218 A
4067 4172 4312 4220 alterutra
4337 4169 4393 4230 A,

1145 4252 1440 4300 alterutrum
1485 4253 1592 4315 OB,
1633 4258 1846 4315 utroque
1885 4255 1929 4302 L
2208 4250 2239 4302 8
2275 4255 2449 4304 silicet
2487 4253 2533 4300 P
2769 4251 3002 4321 thanain]
3038 4255 3244 4317 HPVL,
3288 4258 3455 4304 tanain
3501 4257 3606 4319 OB,
3649 4258 3873 4306 thanaim
3912 4259 4023 4316 ΑΧ,
4064 4258 4258 4305 thanim
4305 4257 4340 4303 Y

1145 4339 1469 4386 uatissimum
1507 4338 1574 4400 H,
1616 4340 1957 4388 uastissimam
1995 4338 2091 4387 ΧΥ
2319 4341 2523 4389 findunt
2555 4340 2631 4388 Β(ι
2840 4342 3115 4389 intrantem
3152 4343 3420 4391 meotidam
3468 4342 3568 4405 YZ,
3610 4344 3885 4392 intrantem
3922 4345 4186 4393 meotidem
4224 4346 4286 4405 Χ,
4323 4345 4397 4391 in-

1146 4429 1309 4471 trante
1347 4424 1546 4472 neotida
1586 4424 1629 4470 O
1905 4425 1937 4474 9
1973 4426 2227 4473 circuidus
2268 4425 2328 4487 O,
2370 4428 2664 4476 circumitus
2702 4429 2749 4474 Χ
3000 4431 3224 4490 passium
3262 4430 3321 4490 L,
3362 4444 3460 4479 om.
3493 4428 3560 4476 A¹
3809 4425 4022 4495 cxmnr]
4059 4431 4105 4477 Χ
4115 4430 4167 4491 Y,
4207 4436 4397 4478 centum

1145 4510 1475 4570 quadraginta
1509 4515 1749 4572 quattuor
1776 4510 1882 4573 OB,
1923 4513 2089 4560 clxiiii
2115 4512 2350 4560 HPVLA
2561 4527 2801 4575 nosquam
2832 4514 2891 4575 O,
2932 4528 3209 4576 numquam
3238 4515 3282 4561 A
3492 4513 3626 4582 octo]
3662 4520 3857 4578 septem
3897 4516 4034 4563 ΧΥΖ
4242 4516 4398 4564 subsi-

1144 4596 1323 4644 dentes
1350 4596 1493 4644 AOB
1671 4596 1732 4645 lo
1756 4598 2040 4646 occidentes
2068 4597 2110 4644 L
2265 4611 2389 4659 gens
2415 4595 2628 4665 residet]
2651 4614 2775 4659 gens
2802 4600 2932 4647 redit
2961 4601 3020 4662 O,
3049 4615 3174 4661 gens
3199 4601 3331 4649 sedit
3357 4601 3402 4648 Β
3558 4616 3657 4663 que
3682 4597 3779 4667 m.]
3805 4602 3858 4647 H
3866 4601 3967 4661 VL,
3996 4615 4124 4672 quae
4151 4616 4218 4649 m.
4247 4602 4333 4650 rel.

1145 4684 1338 4730 ambitu
1382 4682 1425 4729 O
1659 4683 1714 4732 11
1758 4685 1930 4732 tisiam
1972 4683 2032 4744 O,
2074 4685 2293 4733 tisianus
2331 4685 2391 4746 B,
2434 4686 2594 4734 thisia
2642 4685 2725 4732 YZ
2949 4687 3278 4748 aliquilonem
3317 4687 3364 4733 P
3583 4683 3912 4753 chorumque]
3947 4702 4258 4749 quorumque
4300 4688 4339 4734 O

1145 4764 1318 4834 africo]
1357 4769 1557 4832 ΡΑΧΥ,
1596 4771 1754 4830 arrigo
1795 4757 1880 4832 Ob,
1923 4772 2092 4819 affrico
2127 4773 2189 4833 Β,
2229 4772 2382 4820 africa
2419 4771 2562 4818 HVL
2810 4771 2869 4820 12
2907 4769 3018 4838 eoo]
3057 4787 3176 4822 euro
3219 4773 3309 4819 OB
3551 4770 3808 4839 flutausis]
3844 4774 4006 4835 HPV,
4048 4775 4301 4822 ssuttausis
4338 4774 4394 4832 A,

1145 4856 1402 4903 fluctausis
1441 4857 1501 4918 L,
1545 4859 1728 4905 nutans
1768 4859 1814 4904 Χ
1823 4859 1863 4905 Y
1891 4858 2080 4920 Duae„
2123 4859 2330 4907 fluitans
2371 4858 2428 4919 Z,
2472 4860 2679 4906 flutausi
2717 4859 2778 4921 Β,
2821 4860 2991 4906 flutasi
3036 4858 3109 4909 0.-
3150 4859 3401 4908 Flatausis
3442 4860 3529 4920 (al.
3569 4860 3811 4922 flautasis)
3856 4859 4019 4909 Bw..-
4056 4860 4306 4921 probabile
4337 4863 4400 4907 est

1058 5001 1076 5018 ⁶
1151 4944 1205 4989 in
1241 4944 1366 4990 fluta
1401 4943 1551 4990 latere
1586 4944 1734 5007 fluvii
1760 4944 1943 4991 Alutae
1976 4958 2159 4994 nomen
2183 4958 2240 4993 ea:
2270 4943 2433 4992 Prisoe
2457 4947 2634 5006 opinor
2654 4945 2782 4993 male
2807 4948 3156 5006 transcriptum
3364 4952 3561 4994 secatur
3598 4946 3643 4993 Β
3850 4948 4139 5006 uertigosus
4166 4934 4394 5006 HPVl'L,

1150 5031 1435 5090 uestigosus
1486 5028 1578 5091 γ’,
1619 5031 1920 5090 uertigiosus
1957 5032 2000 5076 A
2241 5031 2394 5078 histri
2432 5030 2524 5078 ΒΧ
2536 5029 2576 5077 Y
2852 5030 2911 5079 13
2949 5030 3253 5099 diuoluitur]
3291 5030 3645 5094 HPVLAOB,
3685 5032 3911 5081 uoluitur
3949 5032 4087 5079 ΧΥΖ
4325 5032 4400 5080 illi

1154 5114 1247 5162 OB
1454 5116 1594 5164 dacia
1618 5112 1721 5182 est]
1758 5116 1976 5164 daciaem
2007 5115 2051 5163 O
2257 5117 2463 5164 albibus
2492 5115 2534 5163 O
2748 5116 2807 5165 14
2844 5119 3071 5165 emunita
3094 5132 3192 5166 om.
3216 5118 3260 5166 L
3467 5132 3677 5180 quarum
3705 5118 3752 5165 A
3947 5114 4060 5185 qui]
4095 5118 4227 5180 quod
4254 5117 4340 5165 AB

1149 5197 1409 5266 aquilone]
1446 5201 1649 5263 HPVL,
1690 5203 1973 5263 aquilonem
2014 5201 2216 5263 AOBY,
2256 5203 2608 5264 aquinalonem
2646 5204 2693 5250 X
2773 5197 2787 5208 ⁸
2834 5211 2837 5214 '
2968 5209 3143 5264 uerget
3184 5204 3227 5250 O
3502 5199 3586 5269 ab]
3622 5209 3675 5251 et
3709 5205 3770 5252 ab
3806 5204 3853 5251 Β
4112 5206 4331 5254 iustulae
4365 5204 4403 5250 Β

1155 5288 1216 5337 15
1256 5284 1614 5354 uenetharum]
1651 5287 1990 5350 ΗΡΥΒΧΥΖ,
2032 5293 2327 5337 uenetarum
2356 5289 2419 5349 A,
2462 5288 2607 5337 uenit
2642 5289 2964 5338 uuinidarum
2991 5290 3053 5351 Β,
3095 5291 3241 5338 uenit
3276 5290 3608 5338 uuinadarum
3651 5289 3694 5336 O
3900 5291 4126 5339 considet
4160 5291 4344 5338 AXYZ

1155 5372 1216 5423 16
1254 5375 1537 5422 multentur
1572 5375 1616 5420 A
1827 5375 2032 5422 scaueni
2071 5374 2182 5436 AO,
2226 5374 2451 5423 sclauani
2488 5375 2551 5437 Β,
2591 5376 2851 5424 sclauenni
2894 5376 2936 5422 Z
3166 5382 3220 5424 et
3253 5382 3396 5424 antes
3433 5378 3755 5425 nominantur
3793 5377 4052 5438 (dicuntur
4087 5378 4149 5438 A)
4191 5376 4403 5428 sclaueni

1149 5475 1246 5509 om.
1289 5462 1336 5508 Χ
1344 5460 1428 5507 YZ

1332 5735 1377 5798 1)
1429 5735 1639 5785 Orosius
1684 5740 1727 5799 1,
1771 5737 1818 5796 2,
1851 5741 1898 5786 4.
1929 5738 1995 5785 6.-
2035 5734 2247 5798 Riphaei
2283 5740 2479 5786 montes
2519 5773 2534 5789 .
2563 5773 2577 5788 .
2610 5773 2624 5788 .
2666 5737 2873 5788 Tanaim
2909 5738 3125 5788 fiuvium
3161 5738 3387 5787 tundunt
3419 5739 3508 5803 qui
3548 5773 3561 5789 .
3592 5772 3607 5790 .
3641 5775 3651 5786 .
3694 5738 3965 5788 Maeotidas
4002 5744 4152 5802 auget
4186 5738 4402 5804 paludes.
