4882 6775
1137 488 1219 551 78
2586 483 2947 542 IORDANIS

935 675 1092 741 XIV
1136 676 1354 741 functo
1399 676 1547 761 ipsa
1590 674 1789 740 vidua
1832 694 2246 759 perseverare
2293 674 2593 759 disponit.
2691 674 3008 757 quomodo
3068 681 3283 743 autem
3338 684 3450 741 aut
3494 677 3771 758 qualiter
3812 696 4078 760 regnum
4123 676 4389 741 Amalo-

1134 800 1272 844 rum
1320 779 1694 844 distructum
1742 784 1858 860 est,
1913 778 2051 842 loco
2098 797 2213 842 suo
2236 778 2304 861 ¹),
2359 777 2415 842 si
2462 777 2757 843 dominus
2803 778 3139 861 iubaverit,
3193 779 3526 844 edicimus,

1009 883 1091 946 82
1309 882 1496 946 Nunc
1539 887 1751 946 autem
1812 880 1896 945 ad
1955 880 2053 961 id,
2119 880 2289 946 unde
2336 880 2701 964 digressum
2747 880 3051 960 fecimus,
3116 882 3458 947 redeamus
3505 882 4004 966 doceamusque,
4074 881 4387 965 quomodo

1134 984 1288 1050 ordo
1333 984 1565 1067 gentis,
1619 982 1788 1048 unde
1835 982 2110 1066 agimus,
2174 1003 2398 1048 cursus
2444 984 2543 1048 sui
2589 989 2824 1049 metam
2871 984 3175 1068 explevit.
3228 998 3231 1003 ·
3273 984 3589 1075 Ablabius
3634 984 3804 1050 enim
3851 985 4121 1050 storicus
4164 983 4375 1064 refert,

1133 1089 1284 1170 quia
1328 1088 1417 1152 ibi
1463 1107 1657 1170 super
1698 1086 1965 1151 limbum
1995 1085 2202 1167 Ponti,
2257 1087 2367 1151 ubi
2414 1106 2525 1152 eos
2571 1086 2853 1151 diximus
2887 1087 2959 1151 in
2990 1087 3256 1170 Scythia
3287 1108 3687 1153 commanere
3706 1091 3781 1171 ²),
3832 1087 3924 1152 ibi
3956 1107 4109 1172 pars
4139 1107 4376 1165 eorum,
4420 1109 4443 1147 a

1132 1191 1242 1274 qui
1287 1190 1582 1255 orientali
1628 1190 1826 1274 plaga
1868 1189 2162 1271 tenebat,
2231 1190 2455 1273 eisque
2499 1198 2797 1275 praeerat
2842 1189 3260 1274 Ostrogotha,
3313 1197 3522 1255 utrum
3568 1191 3651 1254 ab
3695 1189 3901 1275 ipsius
3945 1190 4235 1267 nomine,
4300 1211 4382 1254 an

1134 1313 1175 1357 a
1219 1293 1392 1373 loco,
1459 1293 1528 1358 id
1574 1299 1673 1358 est
1715 1291 2096 1374 orientales,
2165 1292 2320 1357 dicti
2367 1300 2517 1358 sunt
2561 1293 3021 1377 Ostrogothae,
3091 1293 3333 1358 residui
3387 1313 3536 1359 vero
3583 1293 4021 1377 vesegothae,
4088 1293 4158 1358 id
4202 1301 4301 1358 est
4344 1314 4385 1357 a

1136 1403 1316 1480 parte
1363 1394 1651 1461 occidua.

837 1518 958 1582 XV
1004 1519 1085 1583 83
1305 1500 1385 1564 Et
1430 1498 1583 1581 quia
1624 1498 1753 1563 iam
1802 1498 2099 1582 superius
2119 1502 2159 1581 3)
2218 1498 2502 1564 diximus
2547 1519 2657 1565 eos
2700 1498 2971 1565 transito
3017 1498 3315 1564 Danubio
3361 1499 3759 1581 aliquantum
3800 1500 4105 1583 temporis
4146 1500 4214 1564 in
4245 1500 4386 1583 My-

1133 1602 1295 1667 siam
1328 1602 1802 1683 Thraciamque
1832 1602 2098 1683 vixisse,
2153 1623 2233 1667 ex
2280 1622 2498 1667 eorum
2543 1603 2834 1685 reliquiis
2883 1603 3005 1667 fuit
3049 1610 3114 1668 et
3143 1602 3531 1667 Maximinus
3561 1602 3715 1686 imp.
3766 1610 3910 1687 post
3949 1603 4385 1668 Alexandrum
4424 1623 4474 1662 ιο

1127 1707 1486 1771 Mamaeae.
1579 1726 1764 1787 nam,
1818 1711 1888 1768 ut
1933 1704 2091 1770 dicit
2134 1705 2562 1789 Symmachus
2607 1706 2674 1770 in
2720 1706 2938 1788 quinto
2986 1725 3142 1771 suae
3194 1705 3501 1771 historiae
3544 1706 3741 1787 libro,
3810 1706 4233 1787 Maximinus,
4284 1707 4386 1771 in-

1127 1809 1393 1893 quienS,
1447 1807 1691 1873 Caesar
1734 1814 1979 1873 mortuo
2025 1809 2394 1874 Alexandro
2443 1810 2526 1874 ab
2572 1810 2856 1874 exercitu
2903 1810 3171 1873 effectus
3216 1816 3315 1873 est
3360 1808 3555 1893 imp.,
3609 1829 3689 1874 ex
3732 1808 3969 1873 infimis
4014 1810 4385 1893 parentibus

1123 1910 1192 1975 in
1224 1911 1503 1976 Thracia
1546 1919 1755 1992 natue,
1810 1931 1850 1975 a
1894 1917 2077 1995 patre
2109 1911 2318 1977 Gotho
2363 1912 2619 1978 nomine
2660 1911 2883 1992 Micca,
2940 1917 3146 1977 matre
3175 1911 3451 1993 Halana,
3504 1932 3672 1995 quae
3703 1912 3932 1977 Ababa
3961 1910 4379 1995 dicebatur4).

1125 2014 1184 2079 is
1227 2013 1502 2079 triennio
1546 2033 1861 2097 regnans,
1929 2014 2082 2079 dum
2127 2015 2195 2079 in
2241 2014 2640 2080 Christianos
2699 2036 2879 2079 arma
2939 2021 3396 2096 commoveret,
3457 2014 3797 2099 imperium
3844 2014 4034 2079 simul
4080 2022 4146 2081 et
4188 2016 4384 2080 vitam

1001 2121 1082 2185 84
1132 2117 1372 2182 amisit.
1466 2137 1615 2181 nam
1666 2116 1770 2180 hic
1814 2116 2052 2181 Severo
2097 2116 2254 2201 imp.
2306 2123 2617 2201 regnante
2666 2124 2730 2183 et
2772 2118 3009 2182 natalis
3056 2116 3160 2183 die
3205 2117 3323 2182 filii
3369 2118 3769 2195 celebrante,
3837 2123 3981 2203 post
4024 2118 4231 2202 prima
4273 2138 4387 2183 ae-
4423 2137 4475 2176 ιε

1128 2227 1260 2285 tate
1306 2226 1371 2285 et
1415 2219 1738 2284 rusticana
1784 2219 1917 2283 vita
1964 2220 2043 2284 de
2090 2221 2350 2304 pascuis
2396 2220 2461 2284 in
2508 2220 2804 2285 militiam
2849 2221 3047 2286 venit.
3143 2220 3448 2305 princeps
3507 2220 3562 2284 si
3607 2220 3869 2302 quidem
3913 2220 4224 2285 militares
4270 2222 4383 2286 de-

1129 2324 1312 2388 derat
1355 2322 1575 2401 ludos3
1644 2321 1815 2403 quod
1878 2342 2146 2389 cernens
2191 2323 2620 2405 Maximinus,
2688 2324 2982 2407 quamvis
3042 2323 3519 2389 semibarbarus
3576 2323 3978 2405 aduliscens,
4046 2324 4384 2408 propositis

1126 2425 1432 2512 praemiis
1491 2426 1702 2511 patria
1760 2425 1984 2509 lingua
2047 2427 2208 2512 petit
2265 2428 2347 2492 ab
2407 2426 2831 2510 imperatore,
2892 2434 2963 2491 ut
3021 2426 3148 2491 sibi
3208 2426 3496 2491 luctandi
3557 2446 3699 2492 cum
3747 2426 4031 2509 expertis
4075 2425 4385 2492 militibus

4449 970 4484 1069 ᾗ
4521 963 4675 1063 μυεῖ,
4694 943 4718 1001 Ἃ
4744 924 4757 975 “’

1131 2654 1462 2661 ——-——-———-

1298 2804 2047 2867 HPVLAOBxffz).

1303 2978 1323 3027 l
1369 2981 1478 3041 ipsa
1511 2977 1664 3025 uidua
1701 2976 1773 3023 bis
1809 2975 1854 3022 P
2074 2990 2453 3040 perseuererare
2489 2977 2776 3039 disponitur
2818 2977 2924 3037 OB,
2965 2979 3311 3039 perseuerauit
3347 2979 3393 3023 A
3601 2974 3793 3044 autem]
3829 2981 3964 3026 enim
4006 2979 4098 3025 n·
4297 2989 4386 3029 aut

1124 3067 1342 3127 qualiter
1377 3078 1472 3112 om.
1505 3065 1551 3111 A
1812 3077 1908 3109 am.
1941 3068 2092 3123 regn.
2141 3062 2230 3110 OB
2507 3063 2538 3112 2
2575 3061 2854 3131 iubauerit]
2891 3063 3049 3127 HPV,
3093 3066 3349 3113 iuuauerit
3386 3064 3539 3124 LYZ,
3581 3065 3775 3112 iuuerit
3813 3066 3923 3123 AX,
3967 3065 4185 3112 uoluerit
4228 3065 4349 3112 OB·

1125 3146 1389 3216 edicimus]
1427 3149 1628 3207 HPVL,
1671 3148 1924 3196 edicemus
1964 3150 2163 3207 AXYZ,
2203 3149 2468 3197 edocemus
2512 3149 2600 3196 OB
2811 3150 2839 3199 3
2878 3146 3070 3216 autem]
3108 3152 3241 3198 enim
3284 3150 3418 3196 XYZ
3628 3151 3688 3199 ad
3718 3150 3768 3197 id
3806 3166 3901 3198 om.
3936 3151 4031 3197 AY
4236 3152 4385 3199 umde

1126 3236 1207 3284 P‘
1417 3236 1770 3295 digressumim
1804 3236 1857 3294 (2³)
1889 3234 1933 3282 L
2142 3232 2403 3301 quomodo]
2443 3236 2640 3296 quando
2671 3235 2760 3282 OB
2990 3235 3021 3285 4
3060 3237 3350 3298 expleuerit
3378 3235 3467 3283 OB
3677 3236 3904 3284 ablauius
3931 3235 4072 3283 ΑΘΒ
4279 3243 4383 3286 sto-

1124 3319 1278 3389 ricus]
1317 3323 1584 3370 historicus
1610 3320 1722 3381 AO,
1763 3322 1998 3368 istoricus
2024 3321 2083 3383 B,
2127 3320 2409 3379 hystoricus
2436 3322 2531 3368 ΧΥ
2737 3323 2891 3370 refret
2926 3321 2968 3369 O
3179 3322 3208 3369 5
3245 3324 3365 3383 quia
3399 3318 3499 3387 ibi]
3538 3323 3626 3384 qui
3665 3322 3763 3372 albi
3805 3321 3863 3381 P,
3904 3323 4032 3383 quod
4069 3324 4143 3370 ibi
4184 3324 4317 3371 ΧΥΖ

1126 3406 1359 3475 limbum]
1395 3408 1703 3468 ΗΑΟΒΧΥ,
1743 3410 1975 3467 lymbum
2015 3407 2150 3455 PVL
2357 3409 2599 3458 dissimus
2635 3410 2679 3456 A
2887 3410 2962 3457 ibi
3001 3425 3098 3458 om.
3130 3410 3224 3456 AB
3447 3408 3478 3457 6
3516 3406 3628 3475 qui]
3665 3424 3794 3471 quae
3832 3409 4017 3456 AXYZ
4223 3413 4387 3460 orien-

1122 3497 1211 3544 tali
1249 3491 1413 3561 plaga]
1449 3494 1653 3554 HPVL,
1695 3494 1989 3544 orientalem
2023 3495 2218 3555 plagam
2256 3493 2447 3541 AOBX
2454 3496 2489 3541 Υ
2720 3496 2960 3544 tenebant
2997 3496 3040 3542 B
3272 3491 3395 3561 que]
3432 3498 3521 3556 qui
3557 3495 3601 3542 L
3826 3500 3937 3555 post
3970 3496 4252 3558 ostrogotha
4286 3499 4377 3545 ins.

1124 3584 1369 3631 incertum
1407 3581 1651 3630 habemus
1690 3583 1734 3627 A
1967 3577 2160 3646 utrum]
2198 3595 2372 3629 uerum
2419 3581 2462 3627 O
2708 3580 2735 3628 ’ἶ
2776 3582 2830 3628 id
2866 3587 2944 3629 est
2980 3583 3246 3630 orientales
3283 3583 3402 3629 dicti
3440 3589 3562 3629 sunt
3603 3583 3725 3642 (sint
3750 3583 3808 3643 Z)
3851 3578 4185 3648 ostrogothae]
4221 3585 4384 3630 orien-

1122 3669 1249 3716 tales
1275 3668 1393 3715 dicti
1421 3673 1539 3714 sunt
1565 3666 1612 3713 id
1640 3673 1717 3714 est
1742 3673 1861 3714 ostr.
1891 3668 1955 3726 A,
1995 3666 2229 3714 orientali
2252 3667 2376 3713 dicti
2402 3671 2525 3714 sunt
2554 3667 2676 3728 (sint
2702 3667 2760 3728 B)
2792 3672 2911 3723 ostr.
2950 3670 3057 3726 (om.
3089 3668 3136 3714 id
3165 3669 3256 3728 est)
3295 3666 3383 3714 OB
3574 3668 3625 3715 id
3664 3675 3743 3715 est
3778 3682 3872 3716 om.
3905 3669 3949 3714 A
4140 3664 4191 3734 a]
4227 3670 4278 3716 in
4315 3669 4377 3726 Β,

1123 3770 1220 3804 om.
1269 3754 1311 3801 O
1587 3757 1690 3799 tam
1737 3752 1881 3800 verba
1931 3753 1981 3799 id
2030 3758 2108 3799 est
2155 3753 2421 3800 orientales
2471 3768 2623 3813 quam
2669 3767 2794 3814 quac
2840 3758 3117 3813 sequuntur
3163 3754 3213 3800 id
3263 3759 3339 3799 est
3386 3769 3414 3800 a
3461 3759 3603 3814 parte
3651 3753 3854 3801 occidua
3896 3752 4127 3801 videntur
4172 3757 4384 3804 insiticia

1124 3841 1155 3890 9
1192 3837 1266 3907 et]
1306 3841 1393 3889 sed
1430 3839 1568 3886 XYZ
1799 3834 1941 3903 quia]
1981 3838 2184 3899 quidem
2222 3838 2265 3884 B
2490 3834 2615 3904 iam]
2651 3838 2748 3885 lam
2793 3839 2894 3898 (sic)
2942 3838 2983 3885 Ο
3209 3835 3468 3904 superius]
3506 3839 3641 3886 sicut
3682 3838 3770 3886 OB
3975 3842 4229 3900 aliquanto
4273 3841 4314 3888 O

1124 3929 1178 3975 in
1205 3929 1412 3986 mysiam
1446 3927 1664 3985 (misiam
1686 3925 1747 3984 L,
1772 3926 1928 3972 mesia
1949 3925 2007 3986 X,
2036 3926 2184 3972 misia
2213 3924 2313 3985 ΥΖ,
2341 3925 2571 3971 messiam
2599 3924 2655 3986 O)
2687 3926 3026 3986 thraciamque
3057 3925 3364 3986 (thraciaque
3385 3925 3625 3986 PVXYZ,
3648 3928 3902 3986 traciaque
3920 3922 4009 3991 L)]
4033 3926 4375 3987 HPVLOXY,

1122 4013 1255 4075 apud
1281 4014 1512 4061 moesiam
1538 4012 1881 4073 thraciamque
1906 4012 1967 4069 B,
2008 4013 2159 4058 misia
2183 4012 2434 4072 traciaque
2462 4011 2506 4056 A
2720 4009 2781 4058 10
2818 4010 3007 4058 dixisse
3040 4009 3101 4069 O,
3142 4010 3345 4058 duxisse
3373 4011 3417 4057 B
3593 4011 3806 4072 reliquis
3839 4011 3882 4058 O
4054 4020 4106 4060 et
4141 4026 4237 4062 om.
4268 4016 4314 4060 A

1124 4101 1396 4161 imperatur
1439 4098 1480 4144 O
1759 4097 2114 4145 alexrandrum
2159 4097 2201 4143 O
2483 4095 2542 4144 11
2584 4110 2776 4144 mamae
2812 4111 2924 4143 nam
2965 4095 3169 4156 HPVL,
3213 4110 3410 4144 mumae
3447 4111 3559 4144 nam
3605 4096 3663 4158 0,
3706 4111 3978 4146 mammeae
4021 4099 4278 4157 (mammae
4316 4099 4375 4158 Ζ)

1121 4186 1280 4234 fllium
1306 4198 1419 4231 nam
1450 4184 1603 4242 ΧΥΖ,
1643 4197 1932 4231 mammeam
1964 4185 2076 4242 (om.
2109 4182 2243 4243 narn)
2277 4183 2368 4229 AB
2578 4196 2699 4230 suae
2723 4178 2875 4247 hist.]
2909 4182 3033 4231 hist.
3065 4181 3158 4242 Λα,
3198 4183 3323 4230 hist.
3353 4197 3442 4231 sue
3470 4169 3541 4229 Ab
3749 4185 4053 4232 maximinus
4080 4186 4188 4246 inq.
4218 4200 4381 4233 caesar

1127 4273 1312 4332 (caesar
1334 4286 1431 4320 om.
1464 4271 1525 4328 Α)
1557 4284 1622 4318 m.
1653 4266 1943 4334 alexandro]
1979 4269 2272 4316 alexrandro
2315 4269 2599 4326 (alexandro
2635 4268 2696 4329 B)
2740 4270 2908 4328 inquit
2942 4283 3132 4318 cessare
3169 4275 3361 4316 mortuo
3397 4270 3708 4316 maximinus
3750 4270 3839 4316 OB
4051 4269 4111 4318 12
4149 4266 4381 4336 effectus]

1119 4358 1282 4406 factus
1326 4356 1416 4403 OB
1694 4353 1755 4402 13
1795 4350 1974 4420 micea]
2012 4355 2138 4401 mica
2173 4354 2234 4412 A,
2290 4367 2409 4402 neca
2454 4353 2512 4414 O,
2567 4367 2732 4401 mecca
2770 4353 2815 4399 B
3091 4349 3291 4418 baiana]
3328 4353 3579 4415 HPVLX,
3629 4355 3771 4402 alana
3807 4355 3970 4415 AOB,
4010 4355 4190 4404 helana
4234 4356 4312 4403 YZ

1118 4439 1297 4509 ababa]
1336 4441 1710 4490 PVLAOB.tY
1730 4445 1776 4487 ct
1798 4443 1869 4488 sic
1892 4443 1994 4488 vita
2021 4438 2180 4500 Max„
2221 4440 2365 4487 abara
2391 4440 2446 4486 H
2650 4439 2900 4487 dicibatur
2924 4439 2970 4486 P
3177 4438 3238 4488 14
3276 4440 3360 4488 his
3394 4439 3435 4486 V
3639 4441 3917 4488 triennium
3954 4440 4042 4488 OB
4249 4456 4381 4490 arma

1118 4525 1474 4594 commoueret]
1509 4514 1749 4584 HPl’VL,
1801 4542 1936 4574 arma
1970 4532 2303 4574 commouerat
2338 4524 2433 4584 P·‚
2487 4540 2623 4574 arma
2659 4526 2985 4574 commouerit
3018 4526 3078 4586 B,
3135 4540 3271 4574 arma
3307 4531 3624 4574 conuerteret
3660 4527 3811 4588 ΧΥΖ,
3853 4541 3986 4575 arma
4023 4531 4274 4576 conuertit
4314 4528 4373 4586 Ο,

1121 4621 1338 4663 armatur
1376 4617 1417 4660 A
1629 4615 1781 4662 simul
1807 4620 1859 4661 et
1883 4614 1978 4662 uit.
2008 4609 2132 4678 am.]
2169 4626 2266 4660 am.
2296 4617 2348 4659 et
2373 4613 2469 4660 uit.
2510 4613 2552 4658 A
2767 4610 2828 4659 15
2866 4613 2988 4673 imp.
3030 4627 3127 4659 om.
3160 4613 3206 4659 A
3415 4607 3619 4677 natalis]
3655 4615 3872 4661 natalem
3908 4613 3970 4672 B,
4012 4615 4227 4661 notalem
4265 4615 4309 4660 A

1119 4697 1227 4767 die]
1263 4700 1373 4761 ΗΡ,
1415 4702 1548 4748 diem
1584 4701 1671 4748 rel.
1886 4703 1998 4760 post
2034 4699 2194 4759 prima
2227 4705 2388 4746 aetate
2426 4705 2478 4746 et
2513 4700 2769 4746 rusticana
2805 4693 2936 4763 uita]
2959 4696 3162 4758 HPVL,
3208 4703 3319 4760 post
3354 4699 3567 4758 primam
3605 4704 3818 4747 aetatem
3856 4705 3908 4746 et
3942 4702 4245 4747 rusticanam
4278 4700 4379 4759 (ru-

1118 4790 1290 4835 sticam
1325 4788 1428 4844 OB)
1471 4789 1627 4835 uitam
1668 4784 1952 4832 AOBXYZ
2164 4783 2226 4832 16
2263 4780 2434 4850 uenit]
2471 4786 2675 4832 inuenit
2718 4783 2758 4830 O
2968 4785 3171 4846 princes
3210 4783 3304 4831 AO
3536 4783 3595 4831 17
3635 4781 3886 4850 quamuis]
3922 4787 4010 4846 qui
4052 4784 4108 4844 Ο,
4152 4788 4238 4846 qui
4275 4790 4378 4832 erat

1120 4876 1164 4922 B
1372 4867 1679 4937 aduliscens]
1719 4870 1830 4928 ΗΡ,
1870 4872 2124 4919 adulicens
2170 4869 2227 4928 O,
2271 4870 2567 4918 adulescens
2602 4870 2700 4929 VL,
2744 4869 3032 4917 adolescens
3070 4870 3260 4917 ABXY
3481 4870 3827 4932 pr(a)epositis
3868 4870 3958 4918 OB
4191 4870 4251 4920 18
4285 4885 4375 4933 pa-

1118 4958 1233 5027 tria]
1269 4961 1470 5007 barbara
1512 4957 1601 5006 OB
1842 4957 1993 5018 petiit
2031 4956 2184 5016 XYZ,
2226 4958 2406 5018 paeait
2441 4955 2517 5003 V⁰
2747 4958 2995 5018 imperare
3034 4958 3077 5002 A
3313 4951 3561 5021 expertis]
3598 4955 3888 5018 PVLAXY‚
3930 4959 4088 5019 pertis
4124 4956 4193 5018 H,
4232 4970 4376 5004 exer-

1119 5048 1249 5093 citus
1291 5044 1380 5092 OB

1184 5404 1214 5448 ι
1296 5355 1339 5415 1)
1384 5370 1426 5404 c.
1467 5357 1552 5416 60,
1594 5355 1714 5403 315.

1289 5441 1341 5502 2)
1383 5458 1427 5490 c.
1469 5442 1518 5503 5,
1559 5440 1645 5488 38.
1688 5439 1771 5487 4‘2.

1293 5526 1339 5586 3)
1384 5543 1426 5575 c.
1470 5528 1517 5587 5,
1560 5527 1645 5573 38.

1292 5613 1340 5669 4)
1382 5614 1485 5659 vita
1525 5609 1790 5660 Maximini
1826 5614 1851 5659 1
1871 5627 1888 5658 :
1945 5610 2255 5660 Maximinus
2295 5647 2306 5660 .
2339 5648 2351 5660 .
2385 5648 2397 5660 .
2440 5611 2503 5659 de
2541 5614 2647 5660 vico
2685 5612 2947 5660 Threiciae
2987 5649 2998 5659 .
3034 5647 3046 5660 .
3081 5650 3091 5661 .
3135 5613 3343 5661 barbaro
3382 5647 3395 5660 .
3427 5647 3440 5659 .
3473 5648 3484 5659 .
3527 5615 3671 5673 patre
3709 5614 3760 5657 et
3795 5617 3950 5658 matre
3987 5612 4211 5672 genitus,
4250 5623 4369 5672 quo-

1121 5713 1229 5746 rum
1276 5700 1403 5746 alter
1447 5712 1476 5745 e
1514 5697 1723 5755 Gothia,
1778 5697 1902 5744 alter
1936 5711 1998 5745 ex
2037 5698 2214 5745 Alanis
2251 5698 2457 5757 genitus
2493 5712 2602 5745 esse
2639 5697 2959 5759 perhibetur:
3015 5706 3066 5746 et
3111 5698 3241 5758 patri
3288 5697 3492 5758 quidem
3532 5710 3712 5745 nomen
3750 5696 3934 5758 Micca,
3990 5698 4136 5744 matri
4176 5697 4373 5745 Hababa

1120 5785 1279 5835 fuisse
1315 5785 1523 5834 dicitur.
1598 5782 1667 5842 cs.
1710 5797 1750 5831 c.
1794 5786 1859 5829 4.·
1896 5788 2091 5830 amatus
2128 5790 2203 5831 est
2239 5784 2386 5830 unice
2422 5797 2452 5830 a
2487 5782 2632 5831 Getis
2670 5784 2812 5844 quasi
2850 5797 3017 5830 eorum
3057 5784 3199 5831 civis.
