4882 6775
2017 489 2320 547 GETICA.
3687 494 3706 552 1
3728 491 3804 552 19

548 675 735 743 vibus
796 698 1060 761 egresso
1120 687 1456 764 susceptus
1516 687 1634 745 est.
1730 680 1817 746 ad
1877 699 2035 763 quos
2093 701 2205 746 rex
2251 679 2764 762 Vesegotharum
2809 677 3124 744 Enrichus
3183 678 3587 744 innumerum
3644 679 3802 744 duc·
3847 676 4025 743 XLV
4070 681 4192 746 238

548 787 692 846 tans
752 780 1016 847 advenit
1074 783 1421 848 exercitum
1467 781 1705 865 diuque
1747 803 2046 868 pugnans
2093 784 2440 849 Riutimum
2486 783 2839 847 Brittonum
2886 800 3075 864 rege,
3142 788 3487 865 antequam
3533 781 3804 847 Romani

550 882 616 947 in
675 883 813 948 eius
876 884 1182 950 societate
1243 885 1811 968 coniungerentur,
1889 886 2221 969 effugavit.
2315 886 2426 968 qui
2483 886 2764 970 amplam
2825 892 3070 969 partem
3115 884 3435 950 exercitus
3494 885 3802 950 amissam

551 1006 693 1051 cum
738 986 970 1068 quibus
1029 986 1237 1072 potuit
1278 987 1535 1072 fugiens
1578 989 1663 1053 ad
1706 988 2248 1072 Burgundzonum
2294 996 2551 1072 gentem
2612 988 2888 1054 vicinam
2932 987 3364 1079 Romanisque
3406 987 3474 1051 in
3518 1008 3595 1053 eo
3638 994 3805 1053 tem-

487 1107 511 1147 5
549 1108 701 1171 pore
747 1088 1142 1156 foederatam
1188 1091 1474 1157 advenit.
1568 1092 1887 1158 Eurichus
1947 1113 2097 1157 vero
2159 1113 2272 1158 rex
2317 1092 2829 1175 Vesegotharum
2885 1091 3278 1156 Arevernam
3325 1090 3584 1157 Galliae
3641 1091 3803 1157 civi-

546 1198 743 1257 tatem
803 1198 1120 1275 occupavit
1161 1194 1503 1259 Anthemio
1562 1194 1849 1279 principe
1909 1195 2038 1260 iam
2101 1195 2432 1260 defuncto:
2510 1195 2619 1277 qui
2683 1214 2825 1260 cum
2870 1194 3201 1258 Ricemere
3249 1213 3485 1275 genero
3532 1214 3647 1260 suo
3691 1195 3795 1260 in-
3841 1196 3966 1260 239

548 1294 779 1360 testino
822 1296 995 1361 bello
1056 1296 1355 1393 saeviens
1400 1299 1666 1363 Romam
1723 1299 2028 1375 trivisset,
2094 1298 2360 1382 ipseque
2407 1319 2448 1362 a
2491 1316 2730 1380 genero
2787 1304 3153 1382 peremptus
3210 1317 3475 1380 regnum
3522 1298 3801 1382 reliquid

548 1396 813 1480 Olybrio
840 1401 910 1480 ¹).
1003 1420 1129 1481 quo
1187 1407 1472 1483 tempore
1530 1400 1599 1464 in
1646 1401 2262 1485 Constantinopolim
2305 1404 2518 1485 Aspar
2572 1401 2815 1485 primus
2872 1400 3281 1484 patriciorum
3338 1407 3402 1465 et
3445 1401 3799 1467 Gothorum

546 1520 780 1583 genere
829 1503 1040 1567 clarus
1096 1523 1238 1568 cum
1283 1502 1619 1569 Ardabure
1666 1512 1731 1570 et
1773 1504 2113 1570 Patriciolo
2164 1504 2350 1585 filiis,
2401 1505 2516 1569 illo
2561 1504 2820 1585 quidem
2866 1503 3016 1568 olim
3063 1504 3363 1587 patricio,
3416 1504 3536 1569 hoc
3581 1511 3796 1570 autem

451 1621 506 1661 ιο
548 1603 825 1669 Caesare
871 1625 1233 1689 generoque
1280 1607 1516 1672 Leonis
1558 1606 1865 1691 principis
1908 1608 2260 1692 appellato,
2315 1607 2674 1691 spadonum
2719 1606 2980 1672 ensibus
3025 1606 3093 1671 in
3138 1607 3378 1691 palatio
3423 1608 3798 1673 vulneratus

546 1705 786 1772 interiit
801 1710 875 1789 2).
956 1715 1022 1773 et
1063 1708 1335 1774 necdum
1368 1710 1633 1793 Olybrio
1677 1717 1900 1775 octavo
1931 1729 2151 1775 mense
2196 1710 2264 1774 in
2292 1730 2491 1795 reguo
2535 1709 2831 1793 ingresso
2870 1710 3144 1775 obeunte
3165 1714 3203 1791 3)
3248 1710 3591 1794 Glycerius
3622 1710 3799 1796 apud

548 1810 918 1875 Ravennam
978 1813 1124 1896 plus
1183 1813 1661 1897 presumptione
1721 1833 1912 1896 quam
1972 1813 2282 1879 electione
2328 1813 2571 1878 Caesar
2622 1813 2889 1878 effectus
2907 1816 2983 1896 ⁴¹).
3077 1834 3265 1896 quem
3311 1832 3481 1878 anno
3525 1815 3634 1878 vix
3680 1835 3798 1879 ex-

545 1912 716 1995 pleto
761 1914 987 1998 Nepus
1031 1915 1388 1980 Marcellini
1433 1916 1755 1999 quondam
1814 1916 2067 2000 patricii
2127 1916 2361 1981 sororis
2420 1916 2593 1981 filius
2652 1936 2693 1981 a
2746 1936 2943 2000 regno
2989 1915 3272 1981 deiciens
3324 1917 3391 1981 in
3435 1917 3622 1982 Porto
3666 1919 3797 1983 Ro-

546 2035 733 2081 mano
793 2017 1162 2102 episcopum
1223 2018 1543 2085 ordinavit
1557 2022 1630 2101 ⁵).
1736 2025 1949 2085 tantas
2005 2020 2354 2085 varietates
2412 2019 2925 2101 mutationesque
2985 2018 3300 2084 Enrichus
3368 2039 3657 2099 cernens,
3725 2026 3794 2085 ut
3839 2020 3963 2082 240

449 2138 505 2177 15
547 2118 823 2185 diximus
884 2120 1210 2204 superius,
1261 2122 1658 2188 Arevernam
1703 2141 2021 2206 occupans
2067 2123 2414 2204 civitatem,
2467 2121 2577 2186 ubi
2623 2129 2773 2187 tunc
2818 2123 3250 2188 Romanorum
3309 2123 3440 2187 dux
3498 2130 3799 2207 praeerat

547 2223 847 2289 Ecdicius
890 2224 1326 2290 nobilissimus
1375 2232 1633 2290 senator
1675 2232 1740 2291 et
1783 2225 2024 2291 dudum
2069 2226 2244 2291 Aviti
2286 2225 2710 2310 imperatoris,
2764 2225 2872 2309 qui
2917 2224 3002 2290 ad
3054 2244 3295 2309 paucos
3340 2225 3481 2291 dies
3527 2245 3796 2308 regnum

543 2328 901 2404 invaserat,
969 2327 1139 2391 filius
1198 2330 1367 2409 (nam
1427 2327 1532 2392 hic
1591 2334 1738 2393 ante
1785 2328 2117 2412 Olybrium
2164 2347 2403 2412 paucos
2449 2327 2590 2392 dies
2645 2335 2871 2393 tenens
2929 2328 3267 2413 imperium
3315 2329 3481 2392 ultro
3528 2328 3800 2394 secessit

543 2428 894 2509 Placentia,
945 2429 1160 2512 ibique
1205 2430 1547 2515 episcopus
1592 2438 1689 2496 est
1732 2431 2116 2513 ordinatus).
2209 2431 2401 2496 huius
2447 2451 2601 2514 ergo
2645 2431 2817 2496 filius
2847 2431 3169 2512 Ecdicius,
3224 2430 3335 2495 diu
3368 2437 3619 2497 certans
3649 2453 3795 2497 cum

544 2532 925 2615 vesegothis
970 2552 1089 2598 nec
1131 2534 1357 2598 valens
1403 2541 1745 2611 antestare,
1798 2535 2023 2600 relicta
2067 2534 2277 2620 patria
2319 2535 2728 2617 maximeque
2775 2534 2997 2599 urbem
3027 2536 3421 2600 Arevernate
3466 2534 3655 2615 hosti,
3709 2533 3797 2599 ad

710 2811 829 2859 ΗΡ
860 2811 964 2858 VL
992 2813 1035 2858 A
1069 2811 1110 2858 0
1138 2810 1456 2869 ΒΧίΥΖ).
1536 2811 1800 2871 Freculsus
1838 2813 1887 2869 2,
1930 2814 1977 2870 5,
2023 2814 2087 2859 17
2130 2814 2177 2870 (a
2216 2812 2245 2860 5
2286 2806 2580 2873 Enrichus).

715 2965 733 3014 1
777 2968 997 3026 egressio
1026 2965 1080 3024 P,
1124 2979 1354 3026 egressus
1385 2965 1475 3013 OB
1488 2965 1535 3023 Y,
1580 2966 1840 3026 egrediens
1868 2966 1913 3012 A
2123 2967 2522 3027 uuisigothornm
2548 2968 2596 3013 Χ
2606 2967 2701 3025 ΥΖ,
2744 2980 2839 3015 om.
2871 2967 2916 3012 A
3123 2965 3152 3015 2
3193 2967 3421 3015 exercitu
3452 2966 3495 3014 O
3691 2969 3792 3015 rio-

537 3053 751 3101 thimum
795 3052 905 3110 OB,
945 3053 1200 3099 riotimum
1236 3052 1345 3111 XY,
1386 3052 1632 3100 riutimud
1669 3050 1923 3113 HPVLA,
1968 3053 2244 3100 Rottimum
2287 3054 2419 3100 Frec.
2634 3054 2910 3101 brittonum
2947 3066 3044 3100 om.
3075 3053 3120 3099 A
3331 3049 3470 3119 rege]
3506 3054 3667 3112 HPV,
3709 3069 3791 3103 re-

537 3153 645 3199 gem
676 3137 965 3185 LAOBXY
1166 3136 1194 3186 3
1232 3139 1519 3187 societatem
1546 3138 1645 3185 ΧΥ
1846 3135 2117 3206 effuganit]
2153 3141 2392 3187 effucauit
2417 3138 2475 3201 P,
2506 3140 2702 3199 fugauit
2729 3138 2837 3198 ΧΥ,
2869 3139 3131 3200 superauit
3153 3137 3212 3199 Β,
3245 3152 3341 3187 om.
3379 3139 3420 3186 O
3629 3142 3793 3203 ampla

538 3231 675 3286 parte
703 3224 843 3271 ΑΒΧ
853 3225 892 3271 Υ
1082 3225 1260 3272 amissa
1285 3223 1481 3271 AOBX
1493 3224 1540 3282 Υ,
1571 3225 1788 3272 admissa
1816 3224 1858 3271 Z
2069 3224 2099 3272 4
2138 3221 2584 3290 burgundzonum]
2610 3223 2849 3271 HPVLX
2860 3225 2957 3284 YZ,
2988 3224 3394 3285 burgundionum
3420 3224 3561 3273 AOB
3581 3227 3716 3274 Frec.

535 3324 632 3372 que
666 3324 763 3358 om.
799 3309 888 3357 OB
1166 3310 1195 3358 5
1234 3310 1632 3371 uuisigothorum
1673 3310 1834 3373 ΧΥΖ,
1890 3324 1986 3359 om.
2018 3312 2060 3357 A
2340 3306 2657 3377 areuernam]
2705 3309 3065 3369 HPVLOXZ,
3118 3324 3379 3358 aruer-nam
3418 3312 3715 3361 ABYFrec.

531 3399 731 3456 galliam
774 3396 816 3443 O
1082 3394 1211 3463 ciu.]
1247 3399 1423 3445 urbem
1461 3399 1504 3444 A
1774 3394 2061 3465 occupauit]
2099 3398 2159 3456 Β,
2201 3411 2298 3446 om.
2328 3399 2413 3446 rel.
2441 3413 2458 3443 .·
2495 3398 2562 3457 cs.
2605 3414 2651 3446 υ.
2687 3399 2751 3445 15
3030 3398 3059 3446 6
3097 3398 3315 3445 antemio
3350 3399 3632 3461 principem
3677 3399 3719 3446 O

530 3479 791 3548 ricemere]
830 3485 893 3544 A,
949 3485 1185 3531 recimere
1231 3482 1287 3545 Ο,
1331 3484 1561 3531 ricimere
1600 3483 1661 3540 B,
1702 3486 1937 3531 ritemere
1974 3483 2119 3531 HPV
2142 3483 2300 3545 Free.‚
2344 3485 2569 3531 ricimero
2608 3483 2668 3545 L,
2708 3497 2958 3543 regemere
3002 3482 3057 3542 Z,
3101 3484 3343 3552 regimere
3393 3484 3440 3544 Υ,
3484 3498 3788 3546 regemerem

530 3570 577 3616 Χ
782 3583 961 3629 genere
998 3569 1095 3616 ΗΒ
1304 3584 1392 3618 suo
1428 3583 1522 3617 om.
1563 3569 1604 3616 O
1850 3569 1877 3617 7
1916 3566 2125 3637 romam]
2161 3573 2431 3618 romaniam
2477 3569 2567 3617 OB
2774 3570 3011 3617 triuesset
3053 3568 3095 3616 0
3302 3570 3636 3632 interemptus
3674 3572 3719 3619 A

526 3669 736 3716 regnum
772 3670 865 3703 om.
906 3655 948 3701 O
1155 3651 1394 3722 reliquid]
1431 3655 1734 3716 HPVLOB,
1775 3656 1982 3717 reliquit
2016 3657 2101 3704 rel.
2336 3654 2365 3703 8
2403 3656 2557 3704 olibro
2602 3655 2643 3702 O
2853 3653 3343 3722 constantinopolim]
3380 3656 3681 3718 HPVLAO,
3725 3658 3766 3705 -1

530 3742 669 3789 ΒΧΥ
871 3745 1061 3803 primus
1087 3744 1280 3804 primus
1310 3741 1353 3789 L
1564 3748 1613 3789 et
1639 3756 1685 3802 g.
1716 3739 1919 3808 genere]
1957 3741 2292 3790 PVLOBXY
2312 3743 2471 3801 Frec.,
2516 3757 2579 3790 ex
2604 3755 2653 3801 g.
2681 3756 2863 3802 genera
2888 3742 2955 3801 H,
2998 3756 3061 3789 ex
3087 3756 3133 3802 g.
3164 3755 3346 3803 genere
3373 3745 3416 3790 A
3627 3741 3658 3790 9
3696 3758 3784 3805 pa·

526 3831 662 3876 tritio
704 3827 792 3888 0⁶,
853 3828 1103 3891 patritiolo
1143 3814 1212 3875 0⁶
1489 3823 1680 3894 autem]
1717 3829 1852 3875 enim
1895 3829 1937 3874 Χ
1950 3828 2032 3874 YZ
2315 3826 2375 3875 10
2413 3842 2607 3876 cessare
2650 3826 2762 3898 0⁶·
2998 3828 3526 3890 appellatuspadonum
3563 3830 3700 3876 sibus
3745 3828 3787 3876 0

531 3914 584 3962 11
628 3915 838 3962 necdum
880 3951 891 3963 .
927 3950 939 3963 .
974 3949 985 3961 .
1026 3908 1265 3979 obeunte]
1302 3919 1446 3961 nocte
1490 3912 1579 3959 OB
1785 3914 1839 3961 in
1877 3926 2089 3973 regnum
2126 3914 2176 3960 Χ
2186 3914 2238 3974 Υ,
2281 3927 2488 3973 regnum
2526 3915 2572 3960 A
2782 3913 3021 3972 glizerius
3062 3913 3104 3959 A
3330 3912 3390 3961 12
3428 3929 3600 3980 quam,
3636 3929 3785 3977 quem

528 4002 572 4047 Χ
776 4001 1066 4047 electionem
1100 3998 1142 4046 0
1350 3995 1585 4064 effectus]
1623 4000 1705 4048 eff.
1744 4005 1823 4047 est
1846 3998 1992 4045 ΑΟΒ
2205 3998 2265 4048 13
2303 3995 2490 4064 nepus]
2527 3998 2816 4047 HPVLOX
2828 3999 2875 4060 Υ,
2922 4012 3076 4060 nepos
3104 3998 3195 4045 AB
3403 4001 3642 4049 marcilini
3675 3999 3716 4046 O

526 4083 795 4152 quondam]
833 4088 1035 4148 quidem
1079 4085 1168 4132 OB
1409 4081 1574 4150 porto]
1613 4084 1818 4144 HPVL,
1858 4091 2000 4147 parto
2045 4084 2103 4143 O,
2145 4092 2290 4148 portu
2329 4084 2472 4132 ABX
2483 4085 2524 4131 Y
2776 4085 2833 4133 14
2872 4080 3148 4151 ordinauit]
3184 4083 3300 4133 add.
3343 4091 3396 4132 et
3431 4087 3538 4147 ipse
3576 4100 3783 4145 regnum

525 4173 744 4220 obtinuit
779 4172 913 4219 Frec.
1137 4171 1195 4220 15
1234 4172 1467 4234 superius
1505 4186 1601 4218 om.
1633 4173 1676 4218 A
1885 4167 2203 4237 areuernam]
2239 4168 2673 4233 HPVLOXY2Z,
2713 4185 2974 4219 aruernam
3000 4171 3171 4218 ABY¹
3383 4168 3655 4237 occupans]
3689 4174 3778 4221 rel.

522 4264 568 4307 et
604 4259 760 4318 Erec„
802 4266 1011 4320 occupat
1055 4258 1143 4305 OB
1385 4253 1514 4323 ciu.]
1551 4259 1726 4305 urbem
1764 4258 1810 4303 A
2057 4256 2117 4305 16
2156 4251 2398 4322 ecdicius]
2435 4256 2582 4304 HPV
2606 4258 2760 4319 ἴτω,
2803 4257 3053 4305 aecdicius
3094 4259 3156 4313 A,
3199 4263 3250 4304 et
3287 4256 3448 4304 dicius
3485 4256 3583 4305 LX
3593 4258 3690 4318 YZ,
3734 4264 3784 4306 et

524 4345 692 4393 decius
734 4344 795 4403 0,
839 4345 1011 4392 decius
1048 4344 1093 4390 Β
1302 4343 1493 4391 dudum
1531 4345 1762 4391 collocari
1798 4342 1959 4390 debuit
1995 4349 2110 4390 ante
2145 4344 2462 4405 imperatoris
2670 4344 2793 4391 abiti
2834 4343 2876 4389 O
3115 4341 3174 4391 17
3212 4340 3352 4410 ante]
3389 4349 3504 4391 ante
3539 4345 3630 4392 hoc
3671 4343 3714 4391 Ο

523 4433 691 4492 paucis
727 4431 906 4479 diebus
945 4431 990 4477 A
1199 4425 1431 4495 secessit]
1466 4430 1676 4478 recessit
1719 4428 1858 4475 ΟΒΧ
1869 4429 1909 4476 Υ
2154 4428 2214 4478 18
2253 4425 2527 4495 placentia]
2561 4428 2767 4487 HPVL,
2806 4429 3103 4491 placentiam
3142 4429 3389 4477 AOBXY
3589 4426 3786 4497 ibique]

522 4519 611 4566 ubi
647 4523 697 4564 et
735 4518 781 4564 A
1024 4530 1103 4578 ep.
1151 4516 1434 4579 (episcopus
1471 4530 1565 4564 om.
1602 4514 1708 4576 LO)
1754 4510 1853 4581 est]
1891 4521 1968 4563 est
2004 4530 2084 4578 ep.
2128 4516 2229 4562 ΧΥ
2451 4511 2699 4580 ecdicius]
2734 4515 2990 4563 hecdicius
3024 4515 3075 4576 V,
3119 4522 3170 4564 et
3208 4515 3368 4563 dicius
3407 4517 3455 4563 Χ
3467 4516 3563 4576 ΥΖ,
3605 4524 3656 4564 et
3691 4517 3782 4564 de-

522 4604 627 4650 cius
670 4601 730 4661 O,
773 4602 945 4650 decius
983 4601 1043 4663 B,
1086 4615 1179 4650 om.
1214 4602 1259 4648 A
1508 4600 1569 4649 19
1605 4596 1880 4667 antestare]
1916 4602 2151 4648 resistere
2191 4602 2237 4647 A
2464 4601 2781 4662 maximaque
2825 4600 3006 4647 OXYZ
3232 4597 3430 4667 urbem]
3469 4601 3618 4662 PVL,
3660 4602 3782 4650 urbe

524 4687 775 4747 ΑΟΒΧΥ,
818 4704 917 4737 om.
947 4688 1001 4734 Η
1202 4682 1521 4753 areuernate]
1566 4686 1622 4745 Ο,
1665 4694 1929 4735 aruernate
1965 4687 2026 4747 B,
2070 4701 2279 4735 aruerna
2318 4689 2380 4747 A,
2421 4700 2726 4750 preuernace
2766 4686 2920 4746 ΧΥΖ,
2959 4693 3340 4749 praeuernatem
3378 4686 3539 4747 HPV,
3580 4702 3782 4751 preuer·

522 4783 685 4822 uatem
724 4772 798 4822 L.-
839 4774 990 4822 Gothi
1027 4781 1170 4836 capta
1207 4774 1412 4822 civitate
1449 4774 1782 4821 Arvernorum
1820 4773 2096 4821 Narbonem
2132 4775 2289 4821 etiam
2322 4774 2572 4821 invadunt
2612 4774 2747 4821 Prec.
2781 4799 2792 4812 ·
2964 4769 3117 4840 hosti]
3155 4775 3348 4821 hostem
3386 4772 3447 4833 L,
3488 4787 3583 4822 om.
3623 4773 3666 4821 O

696 5017 736 5078 1)
781 5015 851 5075 cf.
900 5016 1217 5064 Marcellinus
1253 5015 1320 5063 ad
1354 5031 1403 5064 α.
1441 5015 1571 5066 472:
1620 5027 1721 5061 vm
1756 5015 1823 5064 id.
1867 5015 1992 5063 Nov.
2034 5015 2341 5064 Anthemius
2389 5016 2512 5077 imp.
2555 5015 2736 5062 Romae
2785 5030 2813 5062 a
2849 5014 3098 5062 Ricimere
3148 5028 3328 5073 genero
3374 5027 3465 5062 suo
3513 5014 3774 5064 occiditur.

518 5104 622 5151 loco
658 5104 768 5151 eius
804 5103 1040 5161 Olybrius
1077 5103 1409 5150 substitutus.

688 5188 735 5250 2)
777 5189 842 5250 cf.
888 5188 1208 5236 Marcellinus
1243 5186 1310 5233 ad
1346 5202 1392 5235 a.
1439 5189 1571 5234 471.-
1627 5189 1787 5249 Aspar
1822 5188 2013 5249 primus
2050 5188 2374 5249 patriciorum
2413 5201 2525 5234 cum
2565 5188 2822 5235 Ardabure
2858 5192 2908 5233 et
2945 5186 3209 5233 Patriciolo
3247 5186 3392 5246 filiis,
3448 5186 3535 5234 illo
3572 5189 3778 5248 quidem

516 5276 628 5324 olim
664 5277 887 5337 patricio,
934 5275 1023 5322 hoc
1059 5279 1230 5321 autem
1268 5273 1478 5322 Caesare
1514 5286 1798 5335 generoque
1836 5274 2017 5322 Leonis
2052 5275 2298 5336 principis
2334 5273 2598 5335 appellato,
2641 5273 2890 5321 Arrianus
2927 5285 3040 5319 cum
3078 5272 3291 5319 Arriana
3325 5272 3464 5333 prole
3500 5271 3778 5334 spadonum

516 5363 724 5409 ensibus
760 5363 816 5408 in
852 5360 1037 5421 palatio
1074 5359 1372 5408 vulneratus
1412 5360 1627 5407 interiit.
1704 5359 1939 5408 Iordanes
1977 5363 2030 5408 in
2066 5359 2303 5409 Romanis
2338 5375 2380 5409 c.
2422 5361 2524 5408 336
2556 5359 2738 5420 pendet
2771 5373 2829 5406 ea:
2867 5356 3065 5406 Geticis.

685 5446 733 5505 3)
774 5444 842 5505 cs.
887 5444 1210 5494 Marcellinus
1246 5444 1312 5492 ad
1347 5461 1396 5492 a.
1440 5447 1542 5495 472
1572 5451 1681 5505 post
1715 5459 1866 5506 supra
1899 5447 2060 5494 relata
2097 5451 2201 5494 not.
2242 5450 2265 5493 1
2286 5462 2302 5493 .·
2341 5447 2557 5508 septimo
2595 5459 2768 5493 mense
2804 5444 3001 5506 imperii
3039 5445 3120 5492 sui
3158 5445 3259 5491 vita
3294 5442 3566 5492 defunctus
3604 5449 3724 5491 est„

684 5534 730 5592 4)
777 5531 846 5592 cs.
893 5532 1210 5580 Marcellinus
1246 5531 1314 5578 ad
1348 5545 1399 5581 a.
1442 5533 1576 5582 473:
1628 5532 1887 5590 Glycerins
1924 5531 2058 5592 apud
2093 5531 2379 5579 Ravennam
2417 5532 2534 5594 plus
2570 5530 2975 5594 praesumptione
3012 5543 3161 5591 quam
3198 5530 3443 5577 electione
3479 5529 3662 5578 Caesar
3696 5531 3776 5576 t'a-

512 5628 621 5668 ctua
659 5626 753 5669 est.

685 5705 731 5763 5)
774 5705 843 5764 cf.
888 5702 1206 5751 Marcellinus
1244 5702 1310 5750 ad
1346 5719 1396 5752 α.
1440 5706 1569 5753 474ε
1624 5702 1883 5762 Glycerius
1924 5740 1935 5751 .
1971 5739 1982 5751 .
2017 5740 2027 5749 .
2072 5718 2098 5750 a
2136 5702 2326 5765 Nepote
2362 5702 2638 5750 Marcellini
2689 5701 2939 5764 quondam
2976 5702 3175 5761 patricii
3211 5702 3390 5748 sororis
3427 5701 3528 5748 filio
3564 5703 3776 5762 imperio

511 5792 751 5852 expulsus
786 5792 840 5837 in
878 5790 1028 5839 Portu
1063 5791 1203 5838 urbis
1241 5791 1422 5838 Romae
1461 5803 1523 5837 ex
1564 5787 1772 5837 Caesare
1812 5790 2076 5851 episcopus
2112 5790 2372 5837 ordinatus
2408 5795 2504 5836 est.
2583 5786 2654 5847 cf.
2697 5788 2913 5835 Roman.
2955 5801 2996 5834 c.
3039 5787 3158 5834 338.
