4882 6775
1063 465 1283 547 XVIII
2461 463 2922 518 Pnoonmvn.

1246 692 1323 768 (c.
1375 690 1476 770 61)
1530 708 1571 751 a
1614 688 1822 772 prima
1866 689 2091 770 templi
2134 688 2706 771 Hierosolymitani
2750 686 3196 752 aedificatione
3241 684 3325 749 ad
3371 684 3719 749 secundam
4090 683 4306 761 512⁴4]

1246 928 1320 1025 (c.
1376 947 1476 1027 85)
1532 964 1574 1007 a
1619 945 1873 1010 Romuli
1919 965 2086 1009 anno
2131 945 2333 1028 primo
2379 946 2466 1011 ad
2510 944 2785 1027 Augusti
2831 964 2976 1008 x1,11
3022 943 3260 1009 Christi
3308 943 3588 1007 natalem
4092 944 4306 1021 75545)

760 1202 1038 1293 (ggffiffiffg
1240 1201 1469 1267 Getica
1528 1222 1670 1265 cum
1728 1201 1893 1266 inter
1952 1202 2160 1267 omnis
2220 1202 2479 1283 generis
2537 1203 2694 1267 vitia
2754 1202 2985 1283 quihus
3045 1201 3338 1265 laborant
3396 1199 3587 1264 etiam
3647 1198 4011 1263 inordinata
4071 1199 4199 1263 sint
4255 1204 4319 1263 et

1064 1324 1436 1406 perturbata
1478 1330 1633 1404 tota,
1687 1321 1843 1386 utilc
1890 1322 2094 1386 visum
2144 1330 2261 1387 est,
2286 1321 2768 1407 dispositionem
2816 1321 3178 1403 argumenti
3225 1322 3421 1386 talem
3469 1340 3849 1405 proponere,
3904 1320 4157 1402 qualem
4205 1319 4320 1383 illa

1063 1443 1222 1507 vitia
1265 1442 1710 1526 permiserunt.
1805 1442 1996 1506 cardo
2041 1443 2421 1508 narrationis
2468 1443 2810 1509 universae
2844 1442 3192 1507 Gothorum
3240 1448 3338 1506 est
3381 1449 3514 1505 tam
3561 1459 3702 1503 cum
3750 1439 3933 1504 Getis
3992 1442 4064 1521 (c.
4106 1445 4168 1519 5,
4208 1446 4312 1504 40.
4384 1429 4387 1433 ’

1063 1567 1124 1642 9,
1180 1565 1283 1645 58)
1336 1583 1527 1644 quam
1573 1584 1716 1626 cum
1764 1562 2024 1644 Scythis
2080 1564 2153 1645 (c.
2202 1568 2263 1643 4,
2305 1566 2384 1625 29
2420 1566 2566 1645 cet.)
2622 1563 3085 1646 aequiparati0‚
3139 1582 3264 1643 quo
3310 1560 3515 1645 posito
3562 1568 3626 1625 et
3671 1560 3751 1625 de
3799 1560 3981 1625 Getis
4027 1559 4319 1643 Scythis-

1061 1703 1186 1764 que
1231 1682 1469 1747 tradita
1515 1682 1817 1746 historica
1859 1683 1960 1747 vel
2007 1682 2560 1767 pseudohistorica
2605 1691 2669 1747 et
2712 1684 3064 1747 Gothorum
3109 1682 3503 1746 narrationes
3547 1681 3890 1764 populares
3937 1681 4318 1745 uberrimam

1064 1803 1394 1867 materiem
1426 1803 1813 1868 Cassiodorii
1854 1802 2189 1867 duodecim
2234 1804 2415 1867 libris
2461 1803 2912 1887 praebuerunt.
2992 1808 3327 1883 utramque
3372 1800 3964 1884 aequiparationem
4011 1800 4161 1865 olim
4207 1820 4321 1864 ex-

1065 1922 1407 2004 cogitatam
1456 1921 1710 1985 Gothici
1768 1928 2060 1987 auctores
2120 1924 2186 1987 in
2247 1944 2380 1988 rem
2429 1943 2611 1987 suam
2658 1928 2981 1987 verterunt
3025 1942 3150 1986 non
3199 1922 3398 1986 coacti
3444 1921 3652 1985 locum
3697 1920 3765 1984 in
3810 1920 4108 1985 fabulosa
4152 1919 4319 1984 anti-

1062 2042 1308 2124 quitate
1355 2042 1478 2105 sibi
1522 2041 1651 2125 ipsi
1698 2042 2124 2123 comminisci,
2178 2042 2296 2107 sed
2342 2043 2716 2107 commentis
2762 2043 2861 2107 usi
2910 2063 2950 2105 a
2994 2041 3381 2106 mirabilium
3428 2041 3716 2123 exegetis
3763 2041 4003 2105 dudum
4049 2040 4315 2124 paratis,

1063 2182 1213 2226 vere
1259 2162 1682 2226 narrationem
1732 2162 2036 2226 Iordanes
2080 2162 2174 2228 ait
2217 2163 2526 2246 explicari
2575 2162 2923 2227 secundum
2985 2182 3206 2243 rech‚
3267 2162 3517 2226 scilicet
3560 2161 3909 2226 secundum
3957 2182 4179 2244 regum
4240 2180 4321 2225 ex

1062 2283 1360 2346 chronico
1420 2282 1641 2366 opinor
1699 2281 2199 2365 Hieronymiano
2266 2283 2667 2367 potissimum
2736 2283 3078 2347 deductam
3146 2282 3380 2346 seriem
3447 2282 3528 2346 ab
3596 2282 4045 2363 antiquissima
4108 2288 4320 2346 aetate

1063 2401 1505 2466 decurrentem
1565 2402 1651 2466 ad
1710 2404 2064 2483 Romanos,
2140 2402 2256 2467 sed
2314 2411 2383 2467 ut
2441 2403 2685 2488 passim
2750 2401 2903 2466 ordo
2964 2403 3117 2466 hiet.
3211 2402 3338 2479 ita,
3418 2408 3486 2466 ut
3547 2402 3791 2467 mittam
3859 2403 4104 2486 priora,
4178 2407 4323 2486 post

1063 2522 1391 2586 Tiberium
1437 2521 1800 2587 nominatur
1846 2522 2285 2604 Domitianus,
2352 2530 2498 2607 post
2539 2524 2710 2587 hunc
2756 2523 3070 2603 Severus,
3137 2528 3280 2604 post
3324 2522 3807 2587 Constantinum
3853 2523 4129 2605 ValenS,
4198 2522 4323 2586 sci-

1063 2642 1215 2707 licet
1270 2642 1441 2724 quod
1501 2642 1581 2707 de
1640 2642 2127 2726 imperatoribus
2184 2642 2580 2727 interpositis
2638 2664 2764 2707 non
2825 2641 3105 2726 repperit
3164 2649 3385 2706 auctor
3428 2642 3600 2724 quod
3643 2643 3730 2706 ad
3768 2643 4013 2707 Gothos
4057 2642 4325 2707 referret

1065 2768 1178 2826 aut
1224 2770 1391 2827 certe
1435 2762 1607 2845 quod
1652 2763 1737 2827 ad
1783 2763 2132 2828 Gothorum
2179 2763 2438 2827 landem
2484 2763 2858 2847 pertineret:
2923 2784 3051 2847 qua
3096 2762 3177 2827 de
3222 2783 3290 2827 re
3337 2762 3616 2827 videnda
3661 2770 3809 2828 sunt
3852 2784 4018 2846 quae
4065 2783 4209 2827 mox
4255 2762 4320 2826 in

1065 2901 1333 2947 recensu
1379 2889 1706 2947 auctorum
1753 2882 2040 2947 dicemus
2086 2884 2203 2948 sub
2249 2883 2609 2947 Ammiano,
2702 2882 3119 2966 interpositae
3165 2890 3313 2947 sunt
3356 2890 3610 2967 praeter
3655 2903 3864 2948 rerum
3907 2882 4320 2947 Gothicarum

1065 3003 1463 3067 narrationes
1507 3024 1587 3067 ex
1634 3003 1904 3068 diversis
1950 3003 2317 3068 auctoribus
2364 3002 2598 3087 petitas
2645 3002 3106 3086 descriptiones
3153 3003 3438 3066 locorum
3485 3024 3567 3067 ex
3608 3002 4075 3086 chorographia
4106 3002 4326 3084 aliqua

1066 3122 1467 3206 desumptae,
1529 3123 1694 3188 sicut
1738 3123 1857 3187 sub
1906 3124 2110 3188 oculis
2155 3122 2335 3207 ponit
2379 3122 2603 3186 tabula
2648 3122 2937 3186 subiecta
2981 3122 3311 3187 elaborata
3357 3123 3731 3205 diligentius
3774 3123 3843 3187 in
3889 3123 4096 3206 priore
4143 3128 4324 3207 parte

1066 3242 1275 3325 magis
1319 3242 1668 3325 incondita,
1721 3243 1785 3307 in
1834 3244 2184 3337 posteriore
2229 3244 2314 3307 ad
2360 3244 2619 3307 brevem
2668 3263 2889 3322 regum
2936 3242 3214 3307 indicem
3261 3243 3395 3307 fere
3445 3244 3726 3307 redacta.

1478 3379 1867 3446 Introductio
1911 3379 2415 3465 chorographica
2471 3384 2697 3444 1-24,

1567 3484 1865 3549 Oceanus
1918 3488 2101 3548 1-6,

1565 3588 1825 3652 Insulae
1871 3588 1957 3652 ad
2002 3588 2309 3652 orientem
2359 3591 2421 3652 6.
2499 3656 2509 3664 ,

1822 3735 1835 3748 ,
1870 3690 1957 3755 ad
2001 3691 2434 3757 occidentem:
2490 3692 2768 3757 minores
2817 3695 2878 3756 7.
2932 3695 2993 3755 8.

2490 3795 2822 3860 Britannia
2875 3800 3144 3858 10—15.

2494 3897 2774 3961 Scandia
2820 3901 2883 3960 9.
2946 3901 3217 3960 16—24.

1477 3998 1827 4063 Gothorum
1877 4018 2178 4081 egressus
2223 3999 2290 4063 in
2337 3999 2896 4065 Gothiscandiam.
2991 4001 3189 4083 Berig
3233 4022 3344 4066 rex
3392 4006 3498 4064 25.

1482 4102 1674 4167 Gothi
1721 4104 1897 4187 apud
1944 4103 2324 4185 Vlmerugos
2374 4107 2476 4166 26.

1543 4207 1596 4270 Ι.
1650 4206 1845 4271 Gothi
1899 4205 1984 4270 ad
2046 4205 2349 4289 paludem
2411 4206 2823 4271 Maeotidem.
2919 4208 3258 4289 Ingressus
3310 4208 3376 4272 in
3439 4207 3789 4291 Scythiam.
3886 4209 4150 4274 Filimcr
4212 4231 4322 4275 rex

1739 4311 2016 4372 27--37.

1979 4412 2286 4494 Scythiae
2337 4413 2684 4498 descriptio
2731 4417 2981 4478 30—37
3005 4417 3111 4498 ⁴⁶).

1980 4515 2331 4609 Gothorum
2379 4517 2568 4581 sedes
2613 4524 2743 4582 tres
2792 4520 3069 4582 38—42.

1740 4618 1969 4684 Studia
2015 4618 2389 4700 sagittandi.
2469 4622 2715 4685 Heroes
2762 4624 2867 4684 43.

1739 4722 2062 4788 Tanausis
2106 4743 2219 4787 rex
2266 4722 2548 4788 devincit
2593 4725 2897 4789 Vesosem
2946 4745 3164 4806 regem
3209 4726 3696 4809 Aegyptiorum.
3777 4727 4057 4810 Scythae
4105 4729 4324 4793 Parthi

1829 4827 2105 4889 44—48.

1982 4929 2226 4993 Tanais
2272 4936 2337 4993 et
2380 4929 2670 5015 Danapri
2717 4930 3057 5014 descriptio
3105 4937 3207 4996 45.
3261 4937 3363 4996 46.

1742 5035 2134 5097 Amazonum
2182 5032 2624 5115 Scythicarum
2673 5034 3050 5099 feminarum
3099 5057 3364 5118 regnum
3411 5036 3472 5099 in
3521 5037 3678 5100 Asia
3723 5040 4003 5101 49—57.

1983 5136 2256 5202 Caucasi
2303 5136 2645 5220 descriptio
2693 5142 2972 5201 52—55.

1244 5497 1327 5560 44)
1373 5499 1656 5547 Secundum
1695 5500 2056 5558 Hieronymum
2096 5501 2243 5548 aedes
2280 5504 2411 5549 sacta
2448 5508 2527 5549 est
2561 5519 2606 5551 a.
2648 5505 2767 5552 Abr.
2810 5502 2926 5565 984,
2969 5506 3200 5552 restituta
3235 5521 3281 5554 a.
3327 5504 3477 5553 1496.

1247 5585 1330 5646 45)
1373 5586 1660 5634 Secundum
1698 5587 1910 5633 calculos
1949 5588 2237 5645 Hieronymi
2266 5589 2458 5635 Romuli
2496 5603 2659 5636 annus
2697 5592 2889 5651 primus
2927 5597 3004 5637 est
3029 5592 3147 5639 Abr.
3182 5590 3330 5652 1265,
3375 5605 3487 5637 xmr
3527 5593 3743 5649 Augusti
3773 5592 3954 5641 Christi
3994 5594 4173 5641 natalis
4200 5596 4318 5644 Abr.

1077 5667 1240 5719 2016:
1281 5673 1499 5719 efficitur
1535 5686 1775 5719 numerus
1814 5671 1913 5720 752
1950 5689 1977 5720 a
2014 5674 2306 5721 Iordaniano
2344 5688 2440 5722 non
2482 5679 2696 5723 multum
2732 5679 2989 5726 recedens,

1247 5756 1328 5819 46)
1376 5759 1522 5805 Hunc
1558 5760 1718 5806 locum
1758 5765 1927 5807 auctor
1962 5765 2135 5822 postea
2171 5763 2292 5809 citat
2328 5777 2369 5811 c.
2415 5761 2500 5824 23,
2545 5763 2641 5811 119
2679 5770 2930 5824 tamquam
2988 5765 3222 5813 ‘initium
3260 5766 3588 5826 expositionis
3628 5766 3702 5812 vel
3739 5767 4013 5824 catalogum
4050 5769 4320 5828 gentium'.
