4882 6775
1984 491 2284 546 GETICA.
3640 497 3658 553 1
3677 494 3753 553 37

513 678 734 744 Africa
762 679 1186 744 Vandalicum
1232 698 1373 743 cum
1421 700 1538 763 per
1578 679 2024 745 fidelissimum
2072 701 2257 745 suum
2302 680 2641 765 patricium
2673 680 3072 745 Belesarium
3119 686 3512 763 reportasset
3540 680 3765 745 trium-
3812 677 3930 741 LX

513 783 748 867 phum,
816 803 935 848 nec
991 803 1167 847 mora
1222 783 1293 846 in
1351 783 1491 866 ipso
1550 789 1834 867 tempore
1895 783 2305 848 madentibus
2362 782 2575 848 adhuc
2620 783 2814 847 armis
2878 802 3096 847 cruore
3142 782 3497 848 Vandalico
3549 789 3768 847 contra

516 886 760 950 Gothos
803 906 921 970 per
964 885 1236 951 eundem
1298 885 1526 951 ducem
1571 887 1770 952 movit
1821 888 2235 971 procinctum.
2332 887 2439 970 qui
2502 886 2630 951 dux
2690 886 3285 969 providentissimus
3345 885 3518 951 haud
3581 904 3767 951 secus
3814 885 3936 949 308

515 988 863 1053 arbitratus
909 988 1219 1053 Getarum
1267 989 1558 1054 subicere
1603 991 1947 1074 populum,
2014 990 2139 1055 nisi
2183 990 2361 1074 prius
2406 990 2716 1054 nutricem
2764 1010 2979 1054 eorum
3027 996 3407 1073 occupasset
3452 988 3763 1053 Siciliam.

453 1110 478 1147 r·
517 1091 686 1174 quod
731 1098 796 1156 et
838 1091 1078 1156 factum
1126 1098 1242 1156 est.
1328 1092 1787 1176 Trinacriaque
1831 1094 2165 1176 ingressus
2210 1114 2358 1157 mox
2392 1092 2607 1172 Gothi,
2661 1093 2768 1175 qui
2803 1093 3279 1176 Syracusanum
3325 1092 3627 1177 oppidum
3671 1091 3770 1155 in-

418 1629 473 1667 10

414 2663 475 2703 20

516 1194 832 1277 sidebant,
885 1194 1184 1260 videntes
1228 1215 1298 1261 se
1342 1195 1504 1260 nihil
1550 1198 1928 1280 praevalere
1975 1216 2117 1261 cum
2165 1216 2278 1262 suo
2325 1196 2487 1261 duce
2520 1196 2843 1261 Sinderith
2892 1197 3056 1260 ultro
3103 1215 3173 1261 se
3206 1194 3536 1260 Belesario
3584 1192 3768 1258 dedi-

516 1297 766 1363 derunt.
861 1318 1131 1381 cumque
1176 1319 1328 1381 ergo
1375 1301 1702 1364 Romanus
1762 1300 1986 1364 ductor
2032 1300 2320 1365 Siciliam
2364 1300 2791 1383 pervasisset,
2845 1299 3325 1364 Theodahadus
3374 1296 3769 1382 comperiens

512 1401 838 1465 Evermud
882 1421 1189 1484 generum
1237 1422 1422 1467 suum
1471 1422 1613 1467 cum
1660 1404 1943 1468 exercitu
1989 1404 2076 1467 ad
2121 1404 2390 1485 fretum,
2444 1402 2612 1484 quod
2671 1403 2842 1467 inter
2887 1401 3305 1487 Campaniam
3353 1400 3766 1482 Siciliamque

512 1504 848 1569 interiacet
906 1512 971 1569 et
1029 1504 1111 1568 de
1156 1505 1429 1588 Tyrreni
1491 1506 1689 1570 maris
1749 1506 1891 1571 sinu
1953 1506 2388 1571 vastissimum
2432 1506 2798 1570 Adriaticus
2857 1512 3073 1570 aestus
3135 1504 3484 1582 evolvitur,
3557 1508 3767 1566 custo-

515 1606 817 1672 diendum
877 1607 1132 1673 direxit.
1226 1608 1335 1672 ubi
1396 1629 1539 1673 cum
1585 1610 1911 1675 Evermud
1967 1610 2348 1675 accessisset
2392 1608 2663 1693 Regium
2713 1609 3049 1693 oppidum,
3116 1615 3327 1672 castra
3385 1605 3760 1691 composuit.
3813 1612 3934 1671 309

514 1732 631 1776 nec
676 1731 853 1775 mora
898 1710 1348 1777 deterioratam
1395 1732 1652 1777 causam
1701 1733 1968 1778 cernens
2015 1733 2271 1778 suorum
2316 1713 2402 1777 ad
2448 1720 2663 1797 partes
2707 1713 2967 1778 victoris
3011 1711 3235 1796 paucis
3282 1718 3346 1776 et
3372 1708 3768 1776 fidelissimis

514 1813 776 1878 famulis
821 1814 1091 1879 consciis
1136 1814 1355 1897 movit,
1409 1816 1700 1898 ultroque
1748 1836 1818 1881 se
1864 1816 2178 1881 Belesarii
2224 1816 2423 1901 pedes
2469 1815 2820 1881 advolvens
2865 1815 3135 1881 Romani
3181 1814 3364 1897 regni
3409 1820 3588 1898 optat
3631 1832 3767 1876 ser-

515 1918 649 1982 vire
693 1917 1110 2002 principibus.
1204 1918 1373 2000 quod
1421 1919 1771 1984 Gothorum
1818 1920 2138 1985 exercitus
2185 1920 2470 1984 sentiens
2516 1927 2881 2004 suspectum
2927 1918 3437 1984 Theodahadum
3483 1915 3771 1981 clamitat

517 2042 716 2103 regno
763 2021 1133 2106 pellendum
1180 2029 1245 2087 et
1301 2022 1427 2087 sibi
1471 2022 1798 2088 ductorem
1845 2043 2028 2089 suum
2076 2023 2361 2105 VitigeS,
2416 2023 2526 2106 qui
2571 2023 2851 2106 armiger
2895 2023 3034 2087 eius
3079 2022 3308 2100 fuerat,
3359 2020 3428 2084 in
3473 2039 3626 2102 rege
3671 2020 3768 2083 le-

452 2148 477 2184 5
515 2124 822 2189 vandum.
913 2125 1085 2207 quod
1130 2132 1195 2190 et
1238 2125 1476 2190 factum
1525 2133 1652 2203 est3
1722 2133 1787 2191 et
1828 2147 1976 2190 mox
2022 2128 2086 2192 in
2133 2146 2391 2210 campos
2438 2126 2818 2190 Barbaricos
2865 2125 3112 2207 Vitiges
3154 2125 3222 2189 in
3268 2144 3467 2205 regno
3512 2124 3764 2187 levatus
3812 2128 3935 2187 3111

519 2228 784 2292 Romam
859 2227 1218 2311 ingreditur
1282 2229 1782 2313 praemissisque
1840 2231 2149 2295 Ravenna
2206 2229 2603 2294 fidelissimis
2665 2229 2788 2294 sibi
2848 2227 3003 2293 viris
3062 2225 3486 2292 Theodahadi
3544 2244 3765 2289 necem

516 2331 885 2396 demandat.
980 2331 1088 2412 qui
1135 2331 1468 2396 venientes
1511 2332 1826 2416 imperata
1869 2334 1991 2398 sibi
2035 2333 2368 2417 perficiunt
2392 2338 2426 2414 ¹)
2483 2341 2547 2397 et
2591 2333 2798 2397 occiso
2829 2330 3268 2397 Theodahado
3312 2350 3530 2413 regem
3575 2328 3684 2411 qui
3730 2348 3770 2391 a

517 2454 669 2518 rege
730 2434 966 2499 missus
1026 2433 1417 2499 adveniebat
1471 2436 1553 2517 (et
1597 2435 1808 2501 adhuc
1851 2436 1920 2500 in
1964 2456 2224 2520 campos
2270 2436 2649 2501 Barbaricos
2696 2442 2835 2500 erat
2879 2435 3130 2518 Vitigis)
3187 2433 3442 2518 populis
3487 2431 3759 2496 nuntiat.

515 2537 681 2603 inter
723 2537 887 2602 haec
931 2538 1255 2602 Romanus
1302 2539 1618 2604 exercitus
1665 2560 1924 2605 emenso
1971 2530 2132 2605 freto
2178 2540 2598 2625 Campaniam
2624 2539 2987 2620 accedens,
3044 2539 3548 2620 subversumque
3592 2536 3767 2600 Nea-
3812 2541 3923 2602 311

515 2641 711 2725 polim
757 2641 997 2705 Romae
1040 2639 1430 2722 ingreditur3
1502 2643 1672 2707 unde
1731 2650 1881 2708 ante
1938 2663 2180 2727 paucos
2238 2643 2378 2709 dies
2424 2664 2538 2708 rex
2584 2642 2817 2724 Vitigis
2864 2661 3199 2725 egressuS,
3265 2642 3575 2705 Ravenna
3617 2659 3769 2723 pro-

519 2744 745 2825 fectus,
800 2743 1314 2809 Mathesuentam
1359 2744 1559 2809 filiam
1605 2747 2156 2812 Amalasuenthae
2204 2747 2588 2812 Theodorici
2647 2746 2967 2828 quondam
3016 2744 3188 2827 regis
3232 2750 3487 2828 neptem
3535 2742 3658 2807 sibi
3692 2741 3771 2805 ‘in

687 2987 1286 3049 PVAOBX(Y2).

692 3107 709 3156 1
754 3104 929 3174 africa]
966 3114 1096 3157 terra
1134 3110 1182 3156 X
1194 3109 1274 3155 YZ
1491 3113 1842 3160 uuandalicum
1881 3127 1993 3159 cum
2032 3113 2144 3174 XZ,
2185 3112 2504 3161 uandalicum
2542 3113 2647 3175 PV,
2691 3114 3044 3161 uuandalicum
3088 3111 3144 3172 O,
3190 3111 3455 3159 uuandalis
3492 3124 3605 3157 cum
3645 3110 3706 3167 A,
3750 3124 3776 3154 a

516 3181 784 3243 uuandalis
827 3196 1072 3255 (uuadalis
1110 3194 1199 3257 13⁰)
1244 3209 1354 3242 cum
1392 3196 1454 3255 Β,
1496 3198 1852 3245 uuandalorum
1891 3214 2002 3247 cum
2054 3200 2094 3245 Y
2364 3201 2628 3261 patricium
2662 3204 2772 3258 post
2809 3200 2908 3247 bel.
2955 3197 3059 3258 OB,
3101 3211 3197 3244 om.
3230 3197 3274 3242 A
3541 3190 3779 3260 belesar-]

519 3282 701 3329 PVAX
729 3282 831 3342 (hoc
856 3282 962 3328 loco
986 3283 1315 3342 bertraninm}
1368 3282 1727 3345 Yplemmque,
1771 3286 1976 3332 belisar-
2006 3285 2093 3331 OB
2117 3300 2303 3346 semper
2510 3287 2787 3348 reportauit
2812 3287 2854 3332 A
3066 3282 3096 3331 2
3135 3279 3247 3347 nec]
3284 3288 3335 3329 et
3369 3281 3461 3328 XZ
3489 3283 3606 3342 (non
3641 3282 3703 3341 Y)

519 3369 781 3417 nandalico
825 3368 1102 3429 (uuadalico
1129 3367 1215 3429 13⁴1)
1260 3365 1453 3434 contra]
1487 3372 1848 3419 uuandalorum
1879 3384 1992 3419 mox
2020 3385 2171 3434 super
2198 3372 2336 3420 ΧΥΖ
2546 3372 2575 3420 3
2615 3371 2824 3420 condem
2853 3370 2897 3418 P
3101 3366 3229 3436 dux]
3265 3370 3381 3417 dum
3409 3370 3457 3416 X
3662 3382 3775 3429 pro-

520 3451 933 3520 uidentissimus]
974 3442 1048 3501 pb
1065 3455 1305 3516 VAOXY,
1350 3457 1840 3517 prouidentissumus
1879 3457 1973 3516 10⁴¹,
2020 3459 2449 3519 prudentissimus
2488 3459 2530 3505 Β
2739 3454 2894 3523 haud]
2932 3458 3054 3504 haut
3097 3457 3156 3516 O,
3198 3460 3286 3502 aut
3331 3454 3405 3500 Va
3632 3455 3662 3501 4
3699 3469 3777 3502 ar-

519 3537 758 3607 bitratus]
796 3528 1058 3603 PbVAOb,
1103 3543 1366 3589 arbirtatus
1412 3542 1498 3602 0⁰,
1541 3546 1809 3591 arbitratur
1846 3544 1909 3603 Β,
1951 3546 2262 3592 armanus
2301 3543 2399 3604 1²⁰,
2440 3546 2587 3592 annis
2625 3545 2786 3593 tribus
2827 3544 2872 3590 X
2886 3543 2965 3590 YZ
3190 3543 3416 3602 subigere
3455 3541 3612 3600 AOB,
3653 3542 3776 3588 sub-

521 3632 676 3677 iceret
701 3630 748 3675 X
954 3628 983 3675 5
1022 3633 1074 3675 et
1108 3642 1204 3676 om.
1237 3630 1285 3675 X
1487 3627 1847 3695 trinacriaque]
1889 3629 1943 3691 P,
1987 3633 2370 3691 trinacriamque
2405 3631 2538 3677 VBX
2549 3631 2597 3690 Y,
2641 3632 3007 3690 tinagriamque
3040 3629 3100 3690 O,
3143 3643 3256 3676 nam
3283 3634 3333 3675 et
3357 3628 3637 3675 trinacriam
3665 3629 3707 3673 A

520 3717 745 3774 ingresso
781 3714 844 3774 Β,
886 3715 1142 3772 ingressus
1180 3719 1258 3761 est
1294 3715 1338 3760 A
1579 3715 1881 3763 insedebant
1920 3716 1962 3762 O
2206 3715 2236 3762 6
2273 3716 2346 3763 nil
2394 3717 2434 3762 V
2673 3711 2943 3780 sinderith]
2980 3715 3135 3776 PVX,
3175 3714 3387 3762 sinderit
3423 3715 3482 3775 A,
3527 3712 3775 3761 sinderich

526 3802 672 3848 OBY
872 3801 1002 3848 ultro
1038 3814 1134 3847 om.
1171 3800 1213 3845 O
1445 3800 1472 3847 7
1512 3815 1611 3862 que
1648 3815 1742 3849 om.
1774 3803 1819 3848 A
2028 3802 2374 3850 theudahadus
2412 3802 2471 3862 P,
2513 3801 2819 3850 teodohadus
2857 3803 2921 3860 A,
2961 3801 3227 3849 theodatus
3269 3800 3359 3846 OB
3568 3799 3599 3848 8
3637 3813 3780 3848 euer-

521 3893 634 3936 mut
670 3889 743 3949 A,
803 3887 1059 3934 euermoth
1100 3887 1174 3948 O,
1230 3900 1456 3935 euermor
1492 3887 1563 3949 Β,
1624 3888 1989 3935 euermundum
2028 3890 2071 3935 X
2086 3889 2166 3934 YZ
2444 3891 2724 3936 exercitum
2769 3887 2831 3948 O,
2882 3902 2976 3935 om.
3022 3885 3095 3934 A‘l
3376 3886 3407 3935 9
3445 3887 3696 3934 interiacit
3738 3885 3781 3932 P

523 3970 610 4040 de]
646 3974 703 4021 ad
744 3975 791 4020 X
803 3973 884 4019 YZ
1161 3974 1351 4031 tyrreni
1388 3973 1494 4033 PV,
1537 3974 1712 4021 tirreni
1750 3975 1810 4036 A,
1853 3976 2010 4022 trinni
2052 3975 2095 4021 O
2362 3977 2478 4022 sinu
2518 3970 2888 4039 uastissimum]
2926 3973 3034 4033 PV,
3078 3975 3192 4021 sinu
3231 3974 3520 4021 uastissimo
3557 3974 3617 4033 A,
3660 3975 3776 4020 sinu

530 4061 687 4120 (sinus
730 4060 788 4119 O)
831 4061 1151 4108 uastissimus
1196 4059 1312 4121 OB,
1373 4061 1541 4107 sinum
1577 4062 1926 4108 uastissimum
1964 4062 2053 4108 ubi
2093 4061 2230 4108 XYZ
2508 4062 2798 4108 adriaticum
2836 4068 3032 4108 aestum
3075 4059 3117 4105 O
3395 4054 3673 4124 euoluitur]
3723 4073 3778 4106 se

522 4147 750 4194 uoluitur
787 4146 830 4191 Ο
1039 4141 1445 4210 custodiendum]
1483 4159 1597 4193 eum
1635 4152 1763 4194 cust.
1804 4147 1851 4193 X
1863 4147 1945 4193 YZ
2158 4148 2219 4196 10
2256 4153 2490 4195 euermut
2527 4150 2588 4208 A,
2631 4147 2886 4195 euermoth
2929 4147 2990 4208 O,
3030 4160 3257 4194 euermor
3292 4146 3358 4206 Β,
3396 4145 3673 4192 euermund
3723 4145 3773 4204 Y,

524 4234 866 4280 enermundus
905 4232 981 4278 X:
1019 4232 1269 4278 Ebremud
1313 4232 1455 4281 Cont.
1498 4230 1716 4281 Marcell.
1755 4233 1908 4309 adKa.
1937 4234 2059 4292 536,
2092 4227 2385 4302 Ἔβριμοΰθ
2426 4234 2693 4293 Procopius
2729 4234 2842 4281 bell.
2878 4232 3020 4281 Goth.
3055 4236 3097 4292 1,
3130 4235 3163 4278 8
3370 4227 3585 4296 regium]
3623 4230 3775 4291 VAO,

525 4326 576 4366 et
611 4321 802 4377 regium
842 4318 897 4378 Ρ,
943 4319 999 4365 ad
1038 4320 1231 4377 regium
1268 4319 1316 4364 X
1330 4319 1427 4380 YZ,
1468 4319 1528 4365 ad
1566 4319 1753 4379 rigium
1792 4319 1834 4364 B
2122 4319 2173 4367 11
2219 4315 2416 4385 paucis]
2453 4334 2567 4367 cum
2604 4320 2779 4381 paucis
2817 4319 2860 4365 B
3144 4319 3202 4367 12
3242 4320 3451 4366 consciis
3487 4332 3582 4366 om.
3619 4317 3709 4364 OB

525 4419 577 4454 se
613 4419 708 4454 om.
740 4406 787 4451 X
799 4404 879 4451 ΥΖ
1122 4405 1276 4465 pedes
1317 4405 1549 4466 (pedibus
1574 4401 1769 4464 AX2Y)
1813 4405 1928 4453 adu.
1970 4418 2092 4453 rom.
2134 4419 2230 4454 om.
2263 4404 2325 4453 Χῖ
2583 4405 2644 4453 13
2682 4405 2984 4466 suspecdum
3022 4407 3066 4452 A
3308 4406 3670 4454 theodohadum
3715 4405 3772 4466 Z,

524 4491 810 4538 theodatum
851 4490 942 4536 OB
1168 4489 1228 4537 14
1268 4487 1477 4556 nitiges]
1516 4490 1620 4551 PV,
1665 4492 1843 4548 nitigis
1885 4490 1946 4551 O,
1985 4493 2172 4550 uitegis
2207 4492 2283 4538 vel
2322 4493 2499 4551 nitigis
2534 4494 2611 4538 vel
2647 4493 2833 4550 nitiges
2873 4492 3027 4554 XYZ,
3072 4492 3269 4552 uittigis
3314 4492 3405 4550 (vel
3442 4492 3668 4552 uittiges)
3711 4494 3772 4550 A,

526 4578 734 4637 uuitigis
775 4577 817 4623 Β
840 4590 1026 4636 semper
1232 4572 1421 4640 fuerat]
1458 4582 1562 4623 erat
1588 4577 1637 4623 X
1841 4574 1980 4641 rege]
2008 4577 2108 4638 PV,
2154 4591 2318 4636 regem
2346 4578 2540 4624 AOBX
2554 4579 2592 4624 Y
2799 4577 2859 4625 15
2896 4579 3086 4638 campis
3109 4579 3376 4625 barbaricis
3406 4578 3560 4638 (barb.
3590 4591 3685 4626 om.
3723 4579 3773 4636 Y)

526 4663 718 4709 ABXY
938 4676 1144 4722 regnum
1182 4662 1325 4708 AOB
1574 4662 1635 4710 16
1672 4660 1919 4729 rauenna]
1957 4662 2154 4724 PVYZ,
2197 4678 2466 4711 rauennam
2505 4663 2698 4710 AOBX
2922 4665 3142 4712 theodati
3186 4665 3339 4724 OBX,
3383 4664 3642 4711 theodaadi
3680 4663 3770 4724 Λα,

525 4749 786 4797 theodoadi
824 4736 911 4808 Ab,
953 4749 1249 4797 theodehadi
1292 4748 1333 4793 Z
1579 4748 1635 4796 17
1677 4751 1890 4797 occisum
1928 4750 1973 4795 B
2180 4746 2514 4815 theodahado]
2549 4751 2779 4799 theodato
2823 4749 2931 4810 ΟΧ,
2971 4751 3259 4798 theodatum
3297 4751 3358 4812 Β,
3398 4750 3671 4798 theodoado
3710 4751 3770 4810 A,

523 4835 829 4883 theodeliado
859 4835 900 4880 Z
1107 4830 1294 4899 regern]
1322 4834 1470 4892 PVB,
1511 4849 1627 4894 rege
1658 4834 1751 4882 ΟΧ
1761 4836 1808 4895 Υ,
1838 4849 1932 4883 om.
1965 4838 2009 4882 A
2220 4838 2306 4897 qui
2345 4851 2373 4883 a
2409 4851 2449 4884 r.
2493 4851 2557 4883 m.
2601 4832 2744 4902 adu.]
2781 4838 2825 4883 is
2851 4839 2937 4897 qui
2963 4838 3146 4883 missus
3171 4836 3229 4884 ad
3257 4838 3474 4896 uittigen
3501 4837 3707 4884 aduenit
3732 4839 3776 4882 A

529 4920 591 4970 18
628 4928 680 4969 et
712 4923 786 4977 (nt
812 4923 869 4982 B)
902 4922 1063 4969 adhuc
1086 4923 1138 4969 in
1164 4934 1359 4982 campos
1382 4921 1660 4968 barbaricos
1693 4922 1896 4982 (campis
1922 4923 2185 4971 barbaricis
2212 4923 2305 4969 ΒΧ
2317 4923 2375 4983 Υ)
2409 4928 2514 4969 erat
2538 4937 2633 4971 om.
2665 4925 2708 4968 A
2919 4919 3119 4988 nitigis]
3154 4923 3212 4982 O,
3243 4924 3457 4982 uuitigis
3484 4923 3544 4984 Β,
3574 4924 3774 4982 nitigim

535 5008 586 5068 V,
628 5009 844 5066 nitigem
885 5007 1083 5067 PXYZ,
1125 5021 1289 5066 regem
1331 5009 1546 5065 uittigcn
1586 5009 1629 5053 A
1876 5010 2086 5055 nunciat
2122 5011 2181 5069 A,
2226 5010 2465 5056 nuntiant
2502 5008 2703 5068 PVOB‚
2747 5010 3053 5056 annuntiant
3089 5011 3137 5055 X
3150 5010 3188 5054 Y
3462 5008 3524 5058 19
3560 5010 3775 5056 subuer-

523 5108 734 5156 sumque
770 5090 1043 5159 neapolim]
1079 5094 1124 5140 Ρ
1138 5094 1187 5153 V,
1240 5094 1630 5153 subuersamque
1667 5095 1913 5154 neapolim
1966 5096 2061 5156 ΥΖ,
2114 5097 2456 5155 subuersoque
2495 5096 2742 5156 neapolim
2785 5094 2843 5156 Ο,
2895 5097 3235 5157 subuersaque
3273 5097 3469 5157 neapoli
3509 5096 3615 5155 ΒΧ,
3659 5097 3777 5143 sub·

523 5195 668 5228 uersa
702 5181 901 5242 neapoli
939 5183 982 5226 A
1191 5179 1257 5229 20
1294 5176 1477 5245 romae]
1518 5179 1625 5242 PV,
1666 5194 1846 5228 romam
1887 5181 2079 5227 AOBX
2092 5182 2131 5227 Y
2331 5196 2420 5229 rex
2459 5183 2634 5240 nitigis
2678 5183 2767 5240 (vel
2802 5185 2931 5242 ·ges)
2976 5178 3105 5246 egr.]
3143 5181 3333 5228 PVOX
3346 5183 3394 5244 Y,
3435 5197 3538 5242 egr.
3579 5185 3776 5244 uittigis

522 5268 616 5314 AB
825 5263 1070 5332 rauenna]
1108 5266 1212 5328 PV,
1254 5280 1525 5314 rauennam
1562 5269 1650 5315 rel.
1863 5266 1921 5316 21
1966 5268 2405 5316 maathesucntanr
2434 5269 2538 5328 PV,
2585 5268 3019 5316 inathesuentham
3046 5270 3146 5315 ΧΥ
3346 5267 3773 5335 amalasuenthae]

529 5353 617 5400 VO
632 5354 680 5410 Y,
722 5353 1128 5401 amalesuenthae
1166 5352 1224 5411 P,
1265 5355 1635 5400 amalesuentae
1671 5355 1734 5414 A,
1776 5355 2147 5402 amalasuentae
2183 5355 2245 5414 B,
2288 5355 2698 5403 mathesuenthae
2737 5355 2829 5402 XZ
3036 5356 3262 5403 theodor·
3297 5356 3343 5403 Β
3369 5356 3504 5417 (hic),
3545 5357 3774 5405 theoder-

523 5440 568 5486 P
596 5441 699 5503 (hic)
916 5445 1151 5500 nepotem
1193 5438 1235 5484 O
3439 5437 3442 5444 ‘

698 5631 739 5692 l)
783 5629 855 5690 cf.
903 5631 1234 5677 Continuator
1272 5628 1546 5677 Marcellini
1591 5630 1656 5676 ad
1692 5645 1737 5678 a.
1785 5633 1915 5683 536:
1971 5630 2241 5679 Gothorum
2295 5634 2547 5679 exercitus
2597 5632 2979 5695 Theodahadum
3027 5648 3192 5692 regem
3242 5635 3431 5680 habens
3481 5640 3770 5695 suspectum

522 5719 711 5778 Vitigis
747 5719 801 5763 in
838 5730 1050 5775 regnum
1088 5716 1339 5763 adsciscit.
1416 5716 1504 5775 qui
1557 5729 1664 5762 mox
1717 5718 1767 5763 in
1817 5731 1987 5778 campo
2026 5718 2281 5765 Barbarico
2327 5732 2536 5777 regnum
2585 5721 2825 5781 pervasit,
2883 5720 3204 5781 expeditione
3252 5722 3410 5768 soluta
3449 5721 3648 5767 Romam
3693 5722 3772 5768 in-

518 5806 744 5865 greditur
782 5839 793 5850 .
827 5839 838 5850 .
872 5841 884 5853 .
925 5802 1099 5862 ibique
1137 5800 1363 5847 residens
1401 5801 1571 5858 dirigit
1608 5803 1915 5862 Ravennam,
1960 5805 2339 5852 Theodahadum
2377 5805 2574 5854 occidit.

674 5905 915 5945 loannes.
3295 5911 3353 5959 13
