4882 6775
1905 517 2363 591 Pnoonmvu.
3530 509 3758 575 XXIX

514 769 705 833 quam
767 746 1046 814 servavit
1102 752 1322 812 auctor
1379 745 1644 828 originis
1699 745 1912 829 gentis
1970 746 2298 810 Romanae
2353 741 2835 827 plenioremque
2895 758 3084 822 quam
3143 757 3259 803 nos
3317 736 3476 821 legit
3518 735 3759 801 Paulus

510 870 858 952 Diaconus,
910 868 1140 934 effecta
1183 888 1263 933 ex
1309 865 1778 932 commentariis
1822 864 2236 949 Vergilianis.

679 989 799 1054 XI.
857 988 1213 1054 ‘ANNALES
1258 1005 1760 1064 cousvnvmqu:
1807 988 2067 1051 sunms‘
2090 990 2193 1069 ⁵⁵),
2245 1002 2405 1069 quos
2447 984 2513 1048 in
2557 982 2814 1067 epilogo
2844 982 3272 1046 Romanorum
3318 979 3614 1045 evolvere
3658 978 3760 1043 iu-
3784 971 4073 1066 ξζξξῃῑω

502 1110 691 1176 1101111·
734 1108 843 1193 qui
886 1108 1246 1174 accuratius
1290 1128 1501 1174 rerum
1544 1107 1975 1193 praesentium
2008 1087 2254 1172 ‘statum
2297 1104 2623 1170 infelicem
2670 1121 3053 1187 cognoscere
3100 1101 3334 1186 cupiat,
3396 1099 3752 1184 quibusque

506 1231 775 1314 scriptor
818 1236 884 1296 01
925 1229 993 1294 111
1036 1229 1158 1293 1100
1200 1228 1421 1294 11110110
1467 1234 1532 1293 01
1575 1227 1642 1293 111
1686 1226 1951 1292 alterius
1995 1232 2177 1311 parte
2223 1227 2407 1308 utilia
2450 1225 2758 1310 pleraque
2803 1222 3030 1307 debet,
3093 1243 3234 1287 cum
3282 1221 3754 1287 continuatione

502 1349 1005 1434 Hieronymiana
1046 1348 1408 1414 Marcellini
1467 1347 1715 1413 comitis
1759 1353 1823 1412 et
1866 1347 2152 1412 auctario
2197 1346 2338 1411 eius
2381 1352 2453 1411 ut
2495 1365 2691 1430 saepe
2737 1343 2821 1409 ad
2867 1344 3132 1409 verbum
3177 1342 3596 1425 conveniunt,
3663 1342 3755 1408 ita

506 1471 813 1537 Iordanes
856 1469 1150 1536 adhibuit
1191 1469 1461 1535 annales
1502 1468 1738 1534 nostris
1788 1468 2124 1533 auctiores,
2219 1466 2493 1551 primum
2553 1486 2699 1532 cum
2757 1464 3114 1530 Marcellini
3172 1462 3523 1529 auctarium
3583 1461 3754 1545 quod

503 1592 814 1658 habemus
859 1589 1167 1655 subsistat
1209 1588 1501 1655 mutilum
1544 1588 1611 1654 in
1649 1610 1711 1653 a.
1750 1590 1896 1670 548,
1949 1586 2256 1653 Iordanes
2285 1586 2356 1652 id
2387 1605 2734 1672 usurpasse
2766 1585 3019 1651 videtur
3049 1584 3396 1651 deductum
3425 1582 3511 1648 ad
3540 1581 3752 1667 ipsum

504 1733 628 1794 quo
674 1711 929 1795 scripsit
970 1730 1208 1776 annum
1254 1714 1411 1774 551:
1479 1730 1626 1775 nam
1673 1728 1840 1791 quae
1892 1714 2110 1774 narrat
2165 1706 2251 1773 ad
2309 1728 2511 1774 annos
2570 1714 2887 1773 extremos
2944 1704 3331 1791 pertinentia
3372 1724 3499 1769 non
3544 1703 3754 1768 minus

503 1854 695 1917 quam
755 1832 967 1917 priora
1026 1852 1107 1897 ex
1165 1830 1346 1897 libris
1405 1831 1804 1916 potissimum
1862 1830 2064 1914 petita
2120 1828 2452 1912 videntur,
2525 1847 2733 1911 neque
2790 1826 3215 1912 improbabile
3276 1831 3377 1891 est
3440 1823 3755 1890 eiusmodi

505 1954 758 2019 libellos
799 1953 893 2018 ita
935 1951 1204 2019 venales
1250 1950 1629 2035 prostitisse,
1686 1956 1788 2034 ut,
1840 1951 1950 2032 qui
1994 1949 2324 2034 exemplar
2367 1955 2638 2031 emeret,
2691 1948 2961 2013 haberet
3002 1967 3106 2013 res
3151 1952 3370 2030 gestas
3413 1944 3499 2010 ad
3541 1945 3752 2030 ipsum

505 2074 614 2157 qui
659 2073 953 2139 currebat
993 2092 1230 2137 annum
1276 2071 1704 2137 continuatas.
1794 2069 1864 2134 id
1909 2076 1977 2134 ut
2019 2068 2091 2134 111
2134 2069 2499 2135 coniectura
2541 2069 2818 2154 positum
2864 2075 2982 2151 est,
3033 2068 3126 2134 ita
3170 2072 3418 2132 constat
3458 2064 3549 2131 ibi
3595 2086 3753 2148 quo—

505 2214 664 2277 que,
732 2193 843 2259 ubi
887 2192 1329 2258 Marcellinum
1374 2191 1722 2274 habemus,
1789 2189 2128 2255 Iordanem
2174 2209 2369 2276 saepe
2413 2191 2644 2255 afferre
2701 2208 2869 2272 quae
2928 2186 3102 2273 apud
3158 2188 3328 2254 hunc
3388 2185 3755 2252 desiderata

501 2312 917 2378 nihilominus
962 2318 1184 2397 aperte
1228 2312 1495 2377 veniunt
1536 2332 1618 2376 ex
1663 2311 1891 2376 eodem
1936 2317 2220 2376 auctore.
2312 2331 2505 2394 quam
2551 2311 2631 2375 ob
2678 2330 2811 2375 rem
2855 2316 2968 2374 aut
3011 2307 3453 2374 Marcellinum
3499 2307 3756 2373 brevia-

503 2441 637 2499 tum
691 2433 1041 2516 habemus,
1108 2439 1221 2497 aut
1275 2432 1489 2516 ipsum
1550 2431 1691 2496 eius
1749 2430 2091 2496 chronicon
2146 2451 2273 2496 non
2331 2437 2430 2496 est
2486 2430 2611 2495 nisi
2669 2430 2946 2515 epitome
3004 2429 3335 2494 annalium
3392 2428 3752 2513 pleniorum

502 2574 761 2637 eosque,
814 2574 940 2618 11011
970 2552 1486 2619 Marcellinianos
1514 2550 1825 2617 Iordanes
1870 2550 2186 2617 adhibuit.
2266 2551 2336 2616 id
2381 2571 2522 2616 cum
2567 2550 2636 2616 111
2665 2550 3032 2617 universum
3061 2556 3299 2635 pateat,
3352 2549 3509 2614 mihi
3538 2555 3751 2614 autem

501 2675 567 2738 in
612 2674 883 2740 edendis
930 2673 1246 2739 chronicis
1291 2672 1484 2739 latius
1531 2672 1611 2738 de
1658 2692 1734 2737 00
1776 2677 2155 2755 argumento
2200 2672 2527 2755 agendum
2573 2671 2689 2755 sit,
2758 2670 2865 2736 hic
2909 2670 3070 2736 satis
3114 2671 3236 2735 erit
3286 2690 3417 2735 rem
3476 2660 3755 2736 breviter

498 2795 812 2877 tetigisse.
860 2832 944 2841 -—-
966 2794 1107 2904 ⁸De.
1134 2793 1474 2859 annalibus
1518 2791 1825 2858 adhibitis
1868 2790 1955 2856 ad
1999 2792 2364 2858 Geticorum
2387 2798 2657 2877 -partem
2702 2811 2880 2873 eam,
2934 2811 3099 2874 quae
3144 2797 3404 2876 propter
3446 2790 3752 2875 temporis

499 2916 777 2981 rationes
822 2914 1229 2980 Cassiodorio
1273 2913 1468 2979 tribui
1512 2918 1740 2998 potest,
1794 2913 1862 2977 in
1906 2913 2275 2979 auctoribus
2320 2913 2684 2979 Geticorum
2733 2912 3186 2996 disputabitur.

673 3036 826 3101 XII.
879 3035 1140 3100 GETmA
1186 3034 1356 3118 quod
1399 3034 1466 3098 in
1508 3033 1906 3118 praefatione
1935 3035 2362 3099 Romanorum
2408 3040 2556 3098 ante
2586 3033 2748 3098 haec
2779 3053 2849 3099 se
2881 3032 3240 3099 absolvisse
3270 3038 3490 3098 auctor
3519 3032 3631 3114 ait,
3683 3029 3751 3096 id
3779 3049 3987 3091 Auctoris
4008 3046 4165 3089 cauea

501 3176 605 3222 res
651 3155 1016 3222 confirmat:
1069 3167 1215 3219 nam
1261 3155 1502 3239 passim
1548 3155 1684 3220 illis
1727 3155 1795 3219 in
1839 3156 2043 3220 altero
2088 3153 2311 3220 libello
2357 3173 2515 3219 usus
2558 3160 2658 3219 est
2699 3160 2764 3219 et
2809 3152 2917 3219 11111
2963 3154 3285 3236 differunt,
3340 3152 3570 3218 Getica
3613 3154 3757 3237 ple-

504 3297 769 3359 rumque
815 3277 1108 3361 pleniora
1152 3283 1301 3340 sunt
1344 3283 1409 3341 et
1453 3275 1663 3341 minus
1707 3282 2022 3360 corrupta,
2074 3276 2364 3340 Romana
2406 3273 2699 3341 breviata
2742 3274 2953 3357 magis
2996 3281 3062 3339 et
3104 3274 3313 3357 magis
3357 3276 3748 3358 perturbata.

498 3397 800 3462 notabilis
846 3405 946 3463 est
987 3398 1166 3463 locus
1211 3398 1396 3463 Rom.
1433 3417 1490 3462 c.
1530 3400 1653 3461 373
1685 3426 1767 3452 =
1801 3396 1947 3462 Get.
1986 3400 2087 3478 60,
2130 3398 2277 3478 311,
2330 3396 2438 3462 ubi
2484 3403 2705 3461 auctor
2747 3397 3038 3468 Romana
3084 3395 3437 3480 compilans
3482 3395 3755 3480 primum

503 3518 733 3583 Getica
792 3518 858 3582 in
917 3518 1237 3602 epitomen
1294 3516 1582 3600 redegit,
1648 3515 1884 3582 deinde
1945 3537 2025 3582 ex
2085 3517 2427 3582 annalibus
2483 3515 2802 3599 quaedam
2860 3516 2955 3582 ita
3012 3516 3424 3601 interposuit,
3492 3524 3564 3581 ut
3606 3523 3755 3582 ante

499 3638 736 3723 scripta
795 3638 966 3703 male
1028 3638 1366 3703 divelleret
1429 3640 1510 3720 (V.
1560 3658 1625 3721 p.
1676 3641 1759 3700 49
1804 3643 1936 3703 1101.
1974 3641 2065 3722 2).
2160 3637 2276 3703 8011
2320 3637 2663 3720 aliquoties
2706 3638 2870 3703 ratio
2915 3637 3174 3702 inversa
3217 3644 3337 3702 est.
3429 3636 3523 3702 ita
3565 3638 3750 3701 Rom.

501 3763 621 3822 314
670 3789 754 3812 =
799 3758 946 3823 Get.
1000 3761 1102 3841 26,
1161 3760 1280 3821 138
1341 3757 1453 3823 1110
1515 3758 1676 3824 111110
1721 3758 2028 3823 Iordanes
2087 3758 2173 3823 ad
2234 3758 2499 3823 verbum
2561 3757 2774 3824 reddit
2830 3765 3152 3823 auctorem
3197 3757 3520 3823 Victorem
3564 3778 3755 3840 quem

499 3878 748 3961 dicunt,
818 3879 941 3944 hoc
998 3878 1265 3944 liberius
1310 3898 1455 3943 eum
1502 3878 1832 3961 tractavit,
1901 3879 2146 3943 scilicet
2190 3878 2491 3960 quoniam
2536 3878 2899 3963 adsumpsit
2941 3879 3348 3944 Ammianum
3392 3878 3498 3943 vel
3543 3878 3755 3962 potius

498 4018 663 4083 quae
709 3998 1158 4066 Cassiodorius
1202 4019 1284 4064 ex
1313 3999 1651 4065 Ammiano
1698 3999 2016 4084 excerpsit
2069 3999 2174 4083 (cf.
2208 4022 2273 4085 p.
2311 3999 2582 4086 XLIII).
2660 3999 2814 4065 item
2861 4000 2917 4065 si
2962 3998 3364 4085 comparabis
3407 4000 3593 4063 Rom.
3630 4002 3753 4062 344

496 4120 587 4184 in.
639 4127 703 4185 01
747 4120 896 4185 Get.
945 4124 1048 4200 46,
1103 4122 1247 4201 242,
1302 4120 1485 4183 Rom.
1538 4122 1660 4183 373
1723 4128 1787 4186 01
1845 4121 1993 4186 Get.
2046 4125 2149 4204 60,
2204 4123 2362 4204 311,
2427 4120 2549 4185 illa
2607 4127 2960 4204 sequuntur
3017 4121 3163 4205 ipsa
3220 4121 3417 4186 verba
3475 4118 3754 4185 auctoris

498 4240 892 4324 Marcellini,
958 4239 1117 4305 haec
1177 4240 1433 4323 longius
1493 4241 1575 4306 ab
1637 4240 1721 4306 iis
1779 4242 2036 4307 absunt.
2144 4242 2336 4306 etiam
2394 4261 2566 4306 mors
2621 4242 3055 4307 Valentiniani
3107 4242 3204 4306 III
3263 4242 3448 4306 Rom.
3501 4244 3622 4305 334
3670 4270 3755 4294 =

501 4360 648 4426 Get.
700 4366 803 4442 45,
859 4363 981 4425 235
1043 4381 1126 4426 ex
1182 4360 1525 4426 annalibus
1579 4361 1669 4426 ita
1728 4368 2050 4446 narratur,
2125 4368 2194 4428 ut
2260 4369 2487 4427 neuter
2553 4363 2730 4428 locus
2791 4383 2870 4428 ex
2927 4362 3129 4427 altero
3189 4361 3548 4446 descriptus
3610 4380 3753 4426 esse

500 4481 727 4565 possit.
819 4502 1013 4565 quam
1070 4481 1152 4546 ob
1212 4500 1344 4546 rem
1405 4501 1571 4563 quae
1629 4482 1697 4546 in
1755 4488 2020 4564 utroque
2077 4481 2240 4547 libro
2298 4489 2652 4548 tractantur
2696 4483 2855 4565 satis
2899 4483 3103 4547 multa
3145 4489 3595 4567 comparentur
3637 4502 3754 4546 ne-

501 4621 680 4668 cesse
727 4610 828 4668 est
871 4609 936 4667 01
978 4600 1406 4685 expendatur,
1480 4609 1688 4666 utrum
1734 4604 2025 4668 Romana
2078 4624 2121 4668 a
2179 4602 2422 4668 Geticis
2480 4602 2809 4688 pendeant
2867 4624 2951 4669 an
3003 4610 3270 4685 utraque
3329 4602 3610 4667 narratio
3668 4602 3752 4666 ab

498 4723 723 4787 eodem
768 4730 1024 4789 auctore
1067 4721 1269 4807 petita
1311 4722 1415 4787 sit.

671 4844 981 4910 Auctores
1026 4842 1269 4936 Geticis
1313 4842 1601 4927 proprios
1644 4844 1765 4909 etsi
1809 4843 1895 4908 ad
1924 4845 2214 4910 Romana
2256 4865 2381 4910 non
2427 4850 2736 4930 perpetuo
2779 4843 3105 4910 adhibitos
3149 4862 3294 4910 esse
3339 4843 3562 4909 horum
3600 4863 3754 4909 0011-
3873 4919 3877 4923 Δ

500 4963 667 5029 dicio
726 4964 1060 5030 evidenter
1118 4962 1543 5047 demonstrat,
1611 4985 1692 5030 ex
1749 4963 2258 5030 Cassiodorianis
2316 4964 2634 5048 quaedam
2688 4964 2992 5029 Romanis
3049 4984 3303 5048 quoque
3361 4965 3546 5031 illata
3604 4985 3750 5032 esse

502 5105 625 5149 non
671 5092 911 5155 certum
957 5083 1216 5167 quidem
1263 5090 1378 5165 est,
1431 5084 1550 5149 sed
1593 5084 1728 5148 veri
1774 5084 2008 5149 simile.
2085 5084 2178 5149 ita
2220 5106 2384 5169 quae
2430 5085 2512 5151 de
2544 5085 2786 5169 Illyrici
2832 5084 3120 5150 cessione
3150 5085 3611 5152 Valentiniana
3649 5107 3752 5152 re-

500 5204 624 5270 fert
672 5206 750 5269 R.
803 5225 859 5270 c.
913 5208 1037 5268 329
1092 5224 1235 5269 011111
1279 5203 1549 5270 redeant
1592 5206 1767 5289 apud
1811 5225 2007 5270 unum
2054 5205 2529 5271 Cassiodorium
2588 5226 2862 5288 eumque
2919 5213 3158 5272 certum
3218 5207 3302 5272 sit
3359 5207 3425 5271 in
3484 5206 3752 5273 historia

500 5325 580 5390 de
640 5345 720 5391 ea
776 5324 920 5390 fuse
979 5324 1225 5409 egisse,
1302 5325 1569 5409 scriptor
1623 5346 1833 5391 rerum
1892 5327 2294 5411 Illyricarum
2354 5326 2647 5392 curiosus
2703 5326 2772 5391 id
2826 5326 2980 5392 inde
3044 5326 3298 5392 videtur
3362 5327 3743 5393 adscivisse.

496 5447 778 5512 narratio
821 5446 902 5511 de
947 5446 1248 5511 extremis
1291 5446 1684 5530 temporibus
1728 5447 1983 5532 imperii
2028 5446 2396 5514 Occidentis
2451 5450 2529 5533 (c.
2581 5451 2940 5533 335—339)
2995 5467 3137 5513 cum
3184 5469 3311 5512 11011
3354 5468 3562 5532 pauca
3603 5455 3749 5512 tan-

671 5748 751 5810 55)
795 5747 1035 5796 Similiter
1080 5761 1109 5793 a
1156 5745 1391 5806 Gregorio
1439 5746 1717 5796 Turonensi
1768 5746 1887 5795 hist.
1927 5746 2101 5797 Franc.
2146 5747 2195 5807 2,
2236 5748 2268 5795 9
2316 5749 2540 5796 citantur
2591 5746 2937 5796 ι00118111ο,1111’.
3018 5748 3335 5810 Epiphanius
3382 5761 3580 5809 qnoque
3628 5747 3740 5797 adv.

495 5833 685 5882 haeres,
727 5833 775 5893 2,
819 5832 877 5881 51
921 5848 971 5894 p.
1002 5831 1103 5880 482
1138 5833 1292 5882 Dind.
1332 5834 1561 5882 consules
1598 5835 1780 5894 quibus
1818 5841 1967 5882 natus
2004 5835 2070 5882 sit
2107 5834 2337 5883 Christus
2372 5837 2493 5883 citat
2530 5835 2600 5892 ὡς
2639 5833 2746 5904 ἔχει
2781 5830 2844 5883 τὰ
2880 5830 3018 5900 παρὰ
3047 5826 3331 5898 Ῥωμαίοις
3369 5831 3637 5902 ὑπατάρια.
