4882 6775
1082 495 1202 563 168
2297 492 2401 553 111.
2449 482 3128 553 oR‘rHoGRAPch.‘

1073 705 1268 751 romae,
1311 688 1393 749 73,
1436 688 1496 738 17
1536 705 1702 757 quam
1739 704 1842 756 pro
1879 706 2026 758 quas,
2071 688 2154 749 79,
2199 690 2229 738 5
2266 688 2771 758 intercampidinem
2805 702 2910 755 pro
2948 687 3423 758 intercapedinem,
3468 691 3554 753 96,
3601 689 3662 739 13
3712 691 3909 742 veretes
3946 700 4049 758 pro
4084 691 4342 754 verentes,

1078 774 1194 835 112,
1229 774 1289 823 13
1326 773 1569 843 spelucae
1602 788 1706 841 pro
1740 774 2055 851 speluncae,
2096 772 2338 829 fortasse
2376 776 2545 829 etiam
2582 791 2640 842 p.
2685 776 2769 839 10,
2815 776 2873 825 31
2917 774 3309 843 expectaculum
3345 791 3447 843 pro
3490 776 3860 845 spectaculum.
3938 776 4117 830 nihilo
4163 778 4345 831 minus

1073 859 1350 912 rationem
1388 858 1705 921 scribendi,
1748 875 1913 929 quam
1950 865 2009 914 et
2043 860 2547 929 Heidelbergensis
2583 862 2728 915 liber
2764 866 2822 914 et
2858 861 3059 931 reliqui
3108 862 3303 929 optimi
3352 862 3560 932 quique
3607 869 3956 932 proponunt,
4004 863 4114 917 iam
4153 869 4342 917 osten-
4417 929 4434 941 ρ

1073 945 1269 998 11611166
1305 950 1365 999 61
1397 960 1500 1013 per
1535 946 1855 999 universum
1893 962 2035 1014 opus
2072 947 2154 1001 ita
2188 947 2544 1017 aequabilem
2582 963 2708 1002 esse
2747 962 2871 1001 cum
2908 948 2965 1001 in
3002 949 3178 1002 rectis
3214 955 3330 1001 tum
3367 950 3425 1002 in
3462 947 3641 1011 falsis,
3685 955 3747 1002 ut
3783 950 4061 1003 eiusmodi
4089 954 4347 1003 constan-

1073 1031 1210 1085 tiam
1258 1032 1439 1098 ipsius
1487 1033 1735 1085 auctoris
1785 1048 1912 1086 esse
1961 1048 2191 1087 necesse
2240 1034 2347 1095 sit,
2406 1041 2466 1088 et
2514 1050 2635 1088 eam
2683 1034 2960 1088 rationem
3008 1034 3175 1101 plane
3223 1036 3524 1089 convenire
3562 1051 3689 1089 cum
3742 1036 3916 1090 certis
3965 1036 4340 1090 monumentis

1074 1117 1287 1171 saeculi
1314 1118 1481 1171 sexti.
1544 1118 1604 1172 in
1641 1119 1925 1187 excerptis
1962 1125 2149 1172 autem
2187 1135 2258 1173 ex
2295 1121 2465 1174 Floro
2502 1121 2653 1190 quod
2691 1125 2755 1173 ut
2791 1121 3189 1188 grammaticae
3228 1122 3309 1174 ita
3347 1122 3817 1191 orthographicae
3856 1137 4079 1192 quoque
4105 1122 4339 1176 mendae

1077 1206 1161 1268 (ut
1195 1222 1249 1256 m
1283 1203 1468 1257 finalis
1504 1204 1730 1268 omissa)
1774 1205 1954 1259 rarius
1990 1205 2377 1267 inveniuntur,
2432 1207 2492 1260 id
2532 1207 2622 1262 vel
2661 1206 2900 1260 maxime
2937 1206 3231 1261 confirmat
3282 1209 3435 1277 quod
3481 1209 3873 1262 contendimus
3927 1208 4087 1263 libris
4137 1210 4345 1263 nostris

1073 1289 1238 1343 bonis
1274 1290 1334 1343 in
1369 1305 1584 1343 summa
1621 1305 1679 1342 re
1718 1290 2178 1358 orthographiam
2215 1293 2466 1347 auctoris
2504 1293 2937 1360 repraesentari.

1244 1375 1594 1430 Barbarismi
1632 1377 1688 1429 in
1727 1377 2167 1431 consonantibus
2204 1378 2523 1433 scribendis
2561 1380 2926 1433 offenduntur
2962 1395 3072 1433 non
3109 1379 3288 1433 multi.
3327 1409 3398 1417 -
3440 1378 3871 1434 commutantur
3906 1384 4183 1447 perpetuo
4220 1380 4250 1431 b
4284 1387 4344 1434 et

1072 1480 1122 1516 v.
1165 1492 1230 1499 —
1266 1481 1319 1514 m
1355 1462 1539 1516 finalis
1576 1462 1907 1530 saepissime
1943 1463 2256 1525 omittitur,
2299 1479 2424 1518 raro
2465 1466 2608 1518 male
2646 1466 2912 1519 adicitur.
2953 1496 3022 1503 —-
3058 1466 3205 1520 Male
3242 1466 3493 1520 adicitur
3527 1466 3809 1519 interdum
3848 1467 4018 1520 etiam
4055 1485 4092 1517 n
4128 1465 4337 1519 littera.

1070 1577 1139 1586 -
1168 1568 1210 1618 p
1247 1549 1397 1602 inter
1433 1550 1577 1602 duas
1615 1555 1988 1604 consonantes
2024 1566 2259 1619 perraro
2296 1552 2441 1605 male
2479 1552 2762 1605 omittitur
2802 1555 2886 1616 (ut
2922 1568 3142 1619 semper
3192 1558 3349 1606 recte
3399 1552 3668 1607 scribitur
3697 1558 4002 1621 peremptus
4039 1556 4338 1620 temptare),

1073 1649 1348 1703 nusquam
1389 1633 1632 1689 fortasse
1670 1636 1815 1689 male
1855 1636 2121 1701 inseritur
2165 1640 2308 1699 (nam
2344 1637 2659 1706 daaevzpnavit
2701 1637 2756 1690 in
2794 1637 2917 1691 solo
2955 1638 3101 1692 libro
3139 1637 3200 1688 ΙΙ
3238 1638 3410 1691 semel
3461 1638 3749 1692 inventum
3799 1637 3893 1692 vix
3943 1637 4015 1690 ad
4053 1643 4340 1691 auctorem

1075 1720 1245 1784 redit,
1290 1721 1667 1791 Pemptapolie
1703 1727 1890 1775 autem
1930 1738 2084 1775 error
2122 1727 2211 1776 est
2245 1724 2471 1791 generis
2510 1724 2767 1788 diversi).
2805 1754 2875 1761 —
2911 1743 2939 1777 c
2975 1730 3034 1777 et
3070 1729 3090 1775 t
3125 1730 3403 1791 perpetuo
3440 1730 3707 1777 accurate
3745 1724 4188 1790 distinguuntur,
4231 1724 4341 1776 sci-

1073 1808 1209 1861 licet
1246 1807 1305 1860 in
1331 1807 1807 1876 Heidelbergensi
1844 1807 1990 1861 libro
2025 1807 2137 1872 (alii
2176 1809 2324 1861 enim
2359 1824 2472 1863 non
2509 1808 2590 1863 ita
2625 1810 2698 1863 ab
2735 1808 2843 1862 hoc
2879 1810 3022 1864 vitio
3058 1810 3332 1863 immunes
3368 1815 3517 1873 sunt,
3558 1815 3623 1863 ut
3660 1814 3750 1863 est
3782 1809 3840 1862 in
3865 1809 4124 1863 Palatino
4161 1811 4246 1870 63,
4280 1811 4339 1859 15

1072 1893 1455 1952 commertium,
1498 1895 1583 1954 71,
1625 1895 1657 1945 6
1696 1892 1991 1957 exiciabile‚
2034 1895 2118 1953 91,
2160 1895 2220 1944 21
2266 1893 2590 1958 intencione,
2637 1896 2752 1957 106,
2800 1896 2862 1945 19
2897 1894 3095 1959 eciam,
3139 1896 3223 1957 61,
3271 1896 3330 1945 17
3371 1913 3596 1951 oceano,-
3650 1895 3705 1948 in
3742 1894 4213 1949 Valenciennensi
4253 1896 4338 1957 73,

1076 1980 1137 2028 13
1174 1978 1482 2049 qraetiam):
1524 1985 1804 2046 perpetuo
1842 1978 1922 2032 ibi
1961 1979 2170 2046 legitur
2206 1979 2459 2043 condicio,
2500 1980 2652 2043 diceb,
2685 1980 3041 2048 perniciosus,
3081 1980 3332 2033 solacium
3356 2020 3370 2044 ,
3413 1981 3587 2033 contio
3630 1987 3689 2034 et
3725 1981 3806 2034 sic
3845 1981 4132 2047 deinceps,
4172 1980 4340 2032 modo

1072 2066 1307 2133 primam
1345 2081 1567 2119 manum
1603 2066 1995 2120 attendamus:
2049 2081 2175 2119 nam
2214 2068 2466 2121 secunda
2501 2083 2696 2121 manus
2733 2069 2944 2139 passim
2982 2067 3122 2121 haec
3160 2067 3230 2120 ad
3282 2068 3370 2122 sui
3421 2067 3689 2135 temporis
3738 2066 4122 2121 barbarismos
4169 2063 4341 2118 resor-

1004 2150 1032 2229 ξ1
1070 2152 1265 2206 mavit.
1328 2152 1615 2219 egregium
1652 2151 1759 2205 hoc
1795 2152 2182 2214 testimonium
2220 2158 2308 2206 est
2344 2151 2480 2206 fidei
2518 2153 2735 2206 librarii
2786 2154 2956 2207 etiam
3011 2155 3069 2207 in
3106 2154 3365 2215 minimis,
3410 2154 3561 2223 quod
3602 2153 3747 2207 liber
3784 2153 3876 2206 hic
3912 2152 4125 2206 saeculi
4151 2154 4337 2207 octavi

1004 2212 1033 2321 {l
1071 2238 1143 2291 ab
1180 2237 1285 2291 hoc
1323 2239 1466 2293 vitio
1504 2244 1617 2292 tam
1656 2238 1921 2306 religiose
1970 2238 2222 2293 abstinet
2271 2255 2435 2308 quam
2489 2239 2838 2307 digestorum
2878 2239 3254 2293 FlorentinuS.
3295 2270 3364 2276 —
3401 2240 3597 2292 Etiam
3647 2239 3911 2309 quidquid
3952 2246 4013 2292 et
4056 2238 4338 2307 quicquam

1025 2310 1033 2333 ¹
1074 2324 1179 2387 (28,
1210 2326 1260 2387 5)
1290 2330 1565 2394 perpetuo
1602 2323 1964 2378 inveniuntur
2001 2330 2154 2378 recte
2180 2326 2410 2394 scripta.
2438 2341 2551 2375 ——c
2589 2331 2719 2379 ante
2745 2331 2765 2377 t
2788 2333 2853 2380 ut
2877 2327 3185 2390 omittatur,
3228 2327 3427 2393 paucis
3452 2325 3590 2378 locis
3615 2326 3843 2389 accidit,
3886 2327 3986 2379 sed
4010 2325 4339 2395 plerumque

1071 2415 1225 2462 recte
1250 2409 1518 2465 scribitur
1553 2415 1753 2475 auctor,
1794 2416 2008 2463 arctous
2045 2417 2154 2465 cet.
2183 2442 2251 2450 --
2283 2411 2723 2465 Consonantium
2762 2411 3006 2482 denique
3043 2411 3348 2479 geminatio
3386 2425 3722 2481 quamquam
3760 2428 3871 2464 non
3910 2428 4035 2465 raro
4072 2417 4173 2464 aut
4197 2411 4338 2464 male

1071 2495 1394 2563 neglegitur
1427 2500 1528 2550 aut
1562 2497 1707 2550 male
1741 2497 2144 2561 introducitur,
2200 2498 2560 2551 nihilominus
2597 2498 2776 2565 magis
2813 2498 3073 2552 obtinent
3107 2512 3262 2559 vera,
3304 2502 3367 2550 ut
3403 2496 3641 2560 litterae,
3690 2497 3986 2559 sollemnis,
4039 2497 4253 2559 sollers,
4307 2513 4337 2549 e

1071 2583 1353 2635 contrario
1378 2582 1673 2647 conubium,
1714 2583 1838 2636 ilico
1871 2587 1973 2647 (90,
2009 2585 2088 2639 11.
2131 2586 2216 2648 92,
2251 2586 2331 2637 15.
2374 2586 2459 2647 93,
2496 2586 2575 2639 17,
2617 2586 2700 2643 94,
2736 2585 2782 2637 1.
2829 2586 2940 2647 111,
2974 2587 3080 2648 25),
3123 2584 3248 2636 litus
3291 2585 3428 2647 (126,
3464 2585 3533 2646 1),
3573 2583 3744 2637 milia.
3771 2612 3842 2622 -
3867 2583 4063 2638 Postx
4090 2583 4337 2637 litteram

1068 2688 1095 2722 s
1133 2684 1256 2722 raro
1293 2668 1641 2723 adscribitur
1677 2685 2012 2740 quamquam
2050 2670 2123 2723 ab
2162 2675 2351 2739 etymo
2399 2671 2702 2739 requisita,
2757 2670 2858 2723 sed
2908 2670 3177 2724 scribitur
3225 2676 3433 2733 extare,
3489 2672 3733 2730 existere,
3786 2676 3850 2722 ut
3897 2669 4122 2723 solebat
4164 2669 4335 2724 scribi

1068 2760 1260 2809 aetate
1295 2756 1554 2818 meliore;
1607 2757 1998 2823 exceptionem
2037 2755 2176 2810 facit
2216 2757 2297 2819 12,
2342 2758 2363 2805 1
2406 2762 2707 2824 exsuperat.
2782 2762 3079 2824 praeterea
3121 2757 3290 2810 solita
3325 2756 3492 2810 huius
3527 2756 3736 2809 aetatis
3774 2755 4185 2810 consuetudine
4234 2772 4335 2824 pro

1068 2860 1105 2893 ,τ
1141 2841 1308 2895 modo
1345 2842 1511 2895 adest
1545 2858 1621 2905 ατ,
1665 2843 1850 2906 1116116,
1893 2843 2115 2896 66111661
2150 2844 2208 2895 111
2247 2843 2543 2896 vocabulis
2581 2843 2638 2897 in
2673 2862 2711 2895 x
2747 2843 3087 2905 linientibus,
3132 2862 3185 2905 ⁸,·
3228 2843 3331 2897 sed
3373 2848 3668 2911 utrumque
3707 2857 3888 2895 rarum
3928 2847 4032 2897 est.

1242 2926 1486 2983 Vocales
1522 2929 1700 2982 multo
1748 2929 1926 2996 magis
1974 2929 2340 2997 perturbatae
2393 2936 2553 2984 sunt:
2607 2931 2847 2983 maxime
2894 2950 2920 2980 e
2956 2936 3014 2982 et
3061 2931 3107 2991 i,
3163 2949 3192 2980 ο
3242 2935 3301 2982 61
3349 2948 3382 2980 u
3429 2933 3706 2997 perpetuo
3755 2926 4202 2991 confunduntur,
4256 2930 4336 2983 ita

1070 3021 1272 3075 tamen,
1315 3019 1380 3068 ut
1416 3014 1507 3067 hic
1545 3030 1767 3084 quoque
1805 3022 1864 3068 et
1900 3030 2069 3068 verae
2106 3014 2420 3082 scripturae
2460 3014 2732 3083 reliquiae
2785 3015 3063 3084 quaedam
3108 3015 3330 3077 adsint,
3386 3018 3450 3066 ut
3497 3014 3796 3086 neyleyere,
3851 3015 4156 3078 internicie,
4209 3020 4268 3067 et
4303 3031 4334 3067 e

1068 3101 1351 3155 contrario
1388 3101 1445 3154 in
1480 3101 1619 3169 ipsis
1657 3101 1942 3155 erroribus
1978 3102 2138 3171 quasi
2179 3101 2456 3171 quaedam
2495 3101 2652 3168 leges
2688 3101 3089 3155 observentur:
3133 3101 3215 3154 ita
3251 3119 3414 3169 nepos
3449 3114 3584 3153 casu
3608 3100 3788 3166 primo
3815 3115 4036 3168 semper
4062 3099 4126 3154 fit
4149 3118 4330 3170 nepus,

1068 3188 1222 3257 copia
1261 3202 1385 3241 cum
1425 3188 1700 3241 derivatis
1735 3187 1911 3257 cupio,
1955 3186 2100 3239 orbis
2136 3187 2229 3255 qui
2270 3191 2373 3250 est,
2417 3186 2582 3239 urbis.
2613 3216 2678 3223 —
2705 3186 2829 3240 Non
2867 3187 3067 3240 melius
3103 3188 3292 3254 agitur
3329 3202 3453 3240 cum
3491 3185 3879 3263 diphthongis,
3923 3194 3986 3240 ut
4023 3192 4207 3240 tamen
4245 3187 4335 3239 1116

1068 3290 1291 3343 61166116
1328 3274 1472 3328 111161
1496 3275 1695 3328 6611166
1719 3275 1845 3329 66νί
1872 3273 2117 3327 1611611116
2142 3274 2330 3342 aliqua
2357 3275 2659 3329 vetustatis
2685 3275 2951 3327 memoria
2977 3278 3280 3327 remaneat.
3352 3273 3408 3326 in
3431 3273 3613 3339 prima
3636 3272 4013 3326 declinatione
4038 3274 4334 3340 genetivos

1067 3361 1404 3431 dativosque
1442 3360 1742 3429 singularis
1779 3360 2265 3430 nominativosque
2301 3360 2538 3429 pluralis
2575 3377 2700 3415 raro
2740 3361 2986 3430 reperies
3013 3360 3365 3428 diphthongo
3391 3375 3494 3413 sua
3519 3366 3804 3413 carentes:
3848 3360 4067 3424 caelum,
4109 3367 4334 3415 nmestus

1067 3453 1393 3501 constanter
1428 3447 1725 3511 scribitur,
1779 3463 1889 3501 non
1926 3448 2108 3501 minus
2147 3453 2470 3501 constanter
2507 3464 2669 3500 cena:
2708 3465 2807 3516 que
2844 3453 2902 3500 et
2939 3466 3074 3516 quae
3110 3447 3208 3500 ubi
3246 3452 3663 3515 permutantur,
3721 3447 4106 3514 intellegendo
4143 3449 4334 3517 potius

1066 3539 1266 3587 auctor
1305 3535 1565 3598 (maxime
1602 3533 1829 3587 Florum
1867 3534 2213 3595 describens,
2257 3549 2419 3602 quem
2458 3549 2628 3603 saepe
2665 3550 2777 3588 non
2824 3533 2965 3588 satis
3012 3534 3318 3587 adsecutus
3367 3537 3472 3596 est)
3526 3549 3692 3601 quam
3729 3534 4030 3588 scribendo
4069 3534 4333 3589 librarius

1065 3622 1344 3689 peccavit.
1410 3620 1513 3675 sed
1539 3621 1596 3673 in
1622 3619 1782 3675 falsis
1807 3636 2031 3690 quoque
2056 3622 2255 3674 eadem
2280 3621 2600 3675 constantia
2627 3626 2742 3674 est:
2784 3621 2867 3674 ita
2892 3621 3043 3689 quod
3072 3621 3244 3674 toties
3271 3620 3478 3687 legitur
3508 3637 3649 3688 pene
3675 3620 3763 3672 bis
3791 3624 4005 3674 tantum
4034 3620 4334 3689 diphthon-

1064 3723 1195 3775 gum
1221 3724 1377 3761 suam
1416 3708 1609 3770 habet,
1650 3712 1714 3760 ut
1748 3707 1868 3760 siue
1907 3707 2005 3760 illa
2040 3708 2099 3760 id
2136 3707 2472 3760 vocabulum
2509 3707 2584 3760 ab
2621 3711 2851 3760 auctore
2888 3707 3159 3773 scriptum
3199 3722 3324 3759 esse
3363 3706 3655 3760 evidenter
3680 3712 3968 3774 appareat.
4034 3706 4334 3774 diphthon-
4376 3739 4385 3746 -

1064 3809 1169 3860 gus
1205 3814 1265 3846 oe
1302 3810 1635 3864 quamquam
1672 3794 1805 3847 item
1843 3793 1900 3847 in
1937 3794 2275 3862 quibusdam
2321 3794 2504 3847 locum
2555 3810 2714 3847 suum
2766 3794 2977 3856 tenuit,
3032 3798 3094 3846 ut
3141 3808 3362 3860 semper
3409 3792 3680 3845 scribitur
3718 3793 4009 3860 proelium,
4066 3794 4327 3856 oboedire,

1065 3880 1202 3934 alibi
1241 3880 1385 3934 abiit
1420 3881 1476 3934 in
1513 3900 1541 3932 e
1577 3890 1637 3934 et
1674 3899 1755 3945 ae,
1797 3886 1861 3933 ut
1896 3880 2066 3950 coepit
2104 3886 2162 3934 et
2198 3882 2337 3950 cepit
2371 3885 2648 3949 perpetuo
2686 3885 3114 3941 commutantur,
3158 3880 3292 3932 item
3330 3895 3399 3932 ex
3424 3880 3597 3948 foedo
3634 3885 3693 3932 et
3717 3881 3943 3949 foedere
3979 3878 4045 3934 fit
4066 3881 4255 3948 sedus,
4299 3898 4330 3935 e

1066 3967 1347 4020 contrario
1384 3967 1628 4034 ephebus,
1652 3969 1830 4034 fetus,
1867 3967 2163 4035 praemium
2198 3965 2610 4035 diphthongum
2647 3987 2706 4019 oe
2744 3968 2888 4020 male
2926 3966 3252 4021 admittunt.
3318 3965 3425 4018 1166
3461 3980 3640 4032 genus
3663 3965 3791 4020 vitii
3817 3981 3942 4019 cum
3967 3967 4040 4020 ad
4068 3967 4330 4020 librarios

1066 4053 1417 4121 potissimum
1456 4053 1639 4107 redire
1677 4053 1955 4115 videatur,
1999 4053 2056 4106 in
2092 4054 2460 4106 adnotatione
2500 4054 2678 4121 magis
2714 4068 2878 4121 quam
2917 4053 2974 4106 in
3010 4053 3308 4107 verborum
3345 4052 3539 4105 ordine
3577 4051 3828 4106 exhibui.

1202 4139 1356 4193 Haec
1393 4140 1727 4207 perveniunt
1761 4140 1835 4192 ad
1874 4138 2331 4209 orthographiam
2366 4139 2770 4194 vocabulorum
2808 4139 3023 4207 origine
3051 4139 3394 4192 Latinorum.
3459 4137 3756 4207 peregrina
3792 4138 3980 4192 omnia
4010 4146 4068 4191 et
4091 4140 4329 4193 maxime

1066 4227 1287 4279 nomina
1324 4227 1550 4294 propria
1587 4226 1762 4278 multo
1800 4227 1977 4294 magis
2014 4232 2281 4295 corrupta
2316 4232 2448 4280 sunt
2484 4231 2542 4279 et
2579 4227 2726 4279 omni
2773 4241 2979 4294 genere
3028 4241 3275 4279 errorum
3322 4225 3642 4294 inquinata,
3698 4226 3799 4279 sed
3850 4232 3912 4277 ut
3963 4226 4054 4278 hic
4104 4242 4325 4295 quoque

1066 4312 1122 4364 in
1161 4312 1284 4380 ipso
1321 4312 1672 4379 ignorantiae
1710 4312 1933 4365 cumulo
1969 4312 2159 4380 aliqua
2196 4313 2519 4365 constantia
2556 4311 3027 4378 deprehendatur.
3106 4311 3129 4362 i
3164 4317 3220 4363 et
3255 4330 3318 4380 y,
3369 4331 3396 4363 e
3432 4315 3491 4363 et
3525 4331 3587 4363 ae
3626 4327 3750 4364 cum
3787 4318 4062 4381 perpetuo
4101 4311 4330 4367 coufun-

1065 4399 1290 4461 dantur,
1332 4389 1385 4450 in
1427 4397 1642 4467 Scythis
1679 4398 1919 4467 scriptor
1955 4398 2220 4465 religiose
2257 4413 2450 4452 veram
2488 4398 2736 4451 litteram
2773 4398 2946 4465 ponit,
2991 4399 3046 4451 in
3076 4399 3245 4449 Grec-o
3284 4403 3342 4450 et
3367 4398 3602 4450 Meotide
3639 4399 3758 4466 pari
3798 4398 4069 4465 religione
4107 4397 4322 4452 falsam.

1063 4484 1337 4552 aspiratio
1375 4501 1497 4538 cum
1535 4486 1742 4552 passim
1780 4491 2063 4553 tamquam
2104 4498 2235 4537 casu
2273 4491 2372 4537 aut
2409 4485 2559 4538 adsit
2597 4489 2696 4537 aut
2732 4484 2911 4546 absit,
2972 4484 3204 4536 Gothum
3242 4491 3301 4536 et
3342 4487 3532 4535 Getam
3569 4482 3838 4537 Iordanes
3875 4501 3986 4537 non
4022 4491 4320 4552 permutat,

1070 4570 1351 4641 Cleartayo,
1394 4570 1743 4632 Ptholomeus,
1791 4571 1979 4623 Tleomi
2013 4585 2137 4624 cum
2173 4571 2515 4637 aspiratione
2553 4586 2822 4638 perversa
2858 4578 3132 4639 perpetuo
3172 4571 3552 4623 enuntiantur.

1235 4658 1390 4723 Quae
1426 4658 1508 4711 ita
1543 4659 1738 4727 paucis
1776 4658 2098 4725 complexus
2135 4674 2287 4721 sum,
2339 4656 2596 4711 laterculi
2636 4657 2878 4712 subiecti
2918 4657 3087 4710 latius
3137 4656 3555 4724 explanabunt:
3611 4673 3752 4725 61166
3801 4663 3865 4710 111
3911 4672 4021 4709 non
4070 4659 4325 4725 spondeo

1063 4744 1259 4812 plenos
1297 4760 1421 4798 esse
1466 4749 1663 4813 (neque
1701 4744 1814 4797 ullo
1851 4745 2019 4798 modo
2054 4744 2113 4797 id
2152 4743 2343 4813 perfici
2381 4750 2591 4812 potest,
2634 4745 2895 4814 quoniam
2933 4759 3114 4812 neque
3151 4744 3225 4797 ad
3263 4759 3429 4796 unum
3468 4742 3646 4796 solum
3687 4743 3888 4796 librum
3916 4760 4029 4796 rem
4068 4746 4326 4813 redigere

1063 4831 1198 4883 licet
1234 4846 1335 4883 nec
1370 4831 1612 4899 plurium
1649 4832 1953 4886 diversitas
1991 4830 2264 4884 eiusmodi
2303 4830 2514 4884 tabulis
2553 4838 2705 4884 recte
2742 4834 3303 4898 repraesentaretur),
3357 4832 3438 4883 ita
3475 4830 3833 4898 aliquatenus
3881 4830 4103 4897 singula
4148 4830 4324 4884 eluci-

1063 4918 1296 4970 daturos
1334 4916 1738 4994 esse'confidO.
1803 4933 2162 4984 personarum
2201 4918 2560 4987 locorumque
2597 4917 2879 4970 vocabula
2914 4933 3024 4970 non
3049 4918 3234 4970 omnia
3260 4918 3448 4984 recepi
3476 4917 3831 4985 receptisque
3858 4932 4119 4970 numeros
4143 4917 4324 4971 nullos

1063 5004 1341 5072 adscripsi
1382 5010 1576 5073 utpote
1613 5004 1892 5072 petendos
1932 5020 2000 5057 ex
2041 5003 2325 5058 indicibus
2362 5004 2541 5072 primo
2578 5004 2954 5072 secundoque.

1202 5089 1545 5144 Sententiam
1584 5107 1748 5159 quam
1788 5091 1858 5144 de
1897 5097 2128 5143 auctore
2166 5090 2302 5143 alibi
2341 5090 2588 5152 tulimus,
2634 5094 2696 5143 ut
2731 5106 2856 5143 61161
2895 5090 3167 5144 sermonis
3205 5090 3568 5157 proprietate,
3615 5089 3697 5142 ita
3725 5104 3849 5141 cum
3873 5089 4324 5159 orthographicis

1064 5178 1151 5231 his
1187 5176 1716 5230 ratiocinationibus
1754 5184 1904 5229 16616
1942 5177 2224 5231 convenit.
2290 5175 2860 5252 1666161161161111116111
2899 5193 3009 5230 non
3046 5176 3388 5229 scholastica
3424 5175 3994 5250 1166111116111111616111,
4035 5177 4323 5232 6116111611

1064 5261 1292 5317 suerunt
1328 5263 1596 5332 aequales
1621 5263 1896 5316 Boethius
1933 5270 1992 5317 et
2019 5263 2428 5327 Cassiodorius,
2472 5264 2572 5318 sed
2613 5279 2681 5316 ex
2721 5279 2928 5330 genere
2965 5279 3156 5316 eorum
3186 5257 3770 5331 qui'catacumbarum
3810 5263 4322 5338 memorii-stitulos

1064 5349 1497 5424 inscripserunt,
1547 5350 1607 5403 in
1644 5350 1860 5403 Latinis
1897 5350 2192 5404 vocabulis
2230 5349 2516 5403 consuetis
2566 5355 2624 5402 et
2671 5349 3039 5403 sollemnibus
3089 5349 3446 5418 aliquatenus
3496 5349 3605 5403 sibi
3654 5355 4002 5402 constantem
4051 5337 4320 5403 1111111616

1048 5423 1225 5490 'reris'
1252 5425 1419 5488 modo
1457 5437 1513 5489 in
1553 5435 1727 5497 falsis,
1771 5437 1825 5489 in
1862 5436 2175 5503 peregrinis
2212 5436 2522 5489 rarioribus
2559 5454 2593 5489 a
2630 5435 2882 5490 fortuitis
2919 5437 3273 5503 potissimum
3318 5436 3672 5502 pendentem.
3751 5451 3819 5488 eo
3866 5441 4053 5490 autem
4100 5437 4319 5490 1161111116

1063 5522 1235 5575 infimi
1274 5522 1487 5576 ordinis
1524 5524 1768 5589 scriptor
1803 5522 1894 5575 1116
1932 5523 2087 5575 utilis
2143 5528 2258 5586 est,
2310 5522 2459 5591 611611
2497 5539 2566 5576 ea
2600 5529 2792 5576 aetate
2840 5522 2992 5590 apud
3041 5523 3410 5576 semidoctum
3460 5522 3662 5588 vulgus
3709 5537 3850 5590 quae
3893 5522 4137 5574 obtinuit
4183 5524 4321 5576 scri·

1065 5609 1235 5663 beudi
1274 5610 1418 5663 ratio
1455 5615 1749 5678 praeterea
1786 5609 2055 5664 brevibus
2094 5609 2397 5678 epitaphiis
2433 5610 2784 5676 potissimum
2823 5615 3032 5663 testata
3070 5609 3160 5662 hic
3198 5612 3486 5676 comparet
3522 5608 3577 5660 in
3614 5607 3821 5660 libellis
3858 5608 4079 5661 duobus
4115 5625 4217 5676 pro
4259 5625 4317 5661 re

1064 5697 1266 5764 amplis
1302 5703 1362 5749 et
1397 5697 1650 5751 variatis.
1727 5713 1940 5750 summa
1976 5702 2161 5750 autem
2199 5696 2510 5749 similitudo
2548 5712 2659 5765 quo
2696 5696 3040 5749 luculentius
3089 5695 3477 5760 intellegatur,
3531 5693 3745 5762 placuit
3782 5694 4073 5746 laterculis
4110 5695 4317 5748 nostris

1064 5782 1421 5854 interponere
1459 5783 1929 5837 barbarismorum
1968 5787 2329 5849 conspectum
2364 5782 2705 5836 selectorum
2743 5798 2812 5834 ex
2850 5781 3151 5849 epitaphiis
3186 5782 3413 5848 scriptis
3440 5781 3495 5832 in
3524 5780 3660 5833 urbe
3687 5780 3865 5832 Roma
3888 5780 3995 5833 sub
4021 5779 4234 5833 Iustino
4259 5788 4318 5834 et
