4882 6775
437 1124 462 1161 ⁵
509 1102 667 1165 ‘mei
730 1101 942 1166 cordis
1002 1104 1277 1168 libenter
1334 1102 1687 1168 exaudiat'.

399 1635 457 1676 ¹0

394 2663 454 2705 2⁰

1980 501 2278 557 GETICA.
3001 448 3006 451 ·
3635 505 3756 569 133

501 688 798 767 diximus.
854 690 1241 754 residentem
1282 707 1413 754 non
1459 691 1712 755 omnino
1757 691 2057 756 idoneam
2090 699 2201 756 aut
2232 692 2532 756 refertam
2564 691 2838 767 audiret,
2893 693 3092 775 elegit
3122 691 3333 776 potius
3366 694 3552 759 solito
3582 713 3756 760 more
3803 692 3980 758 LVII

502 791 714 873 gentis
760 812 918 856 suae
965 793 1181 858 labore
1228 814 1493 875 querere
1539 794 1777 858 w'ctum
1824 815 2014 878 quam
2060 794 2202 878 ipse
2246 795 2447 860 otiose
2493 795 2619 860 frui
2665 795 2846 878 regni
2877 798 3148 862 Romani
3189 797 3359 862 bona
3404 805 3469 863 et
3495 805 3754 880 gentem

502 913 681 959 suam
728 895 1130 962 mediocriter
1168 897 1482 977 victitare,
1536 917 1880 980 secumque
1913 897 2286 963 deliberans
2319 898 2406 963 ad
2437 900 2789 984 principem
2821 901 2944 964 ait:
3021 900 3350 982 ‘quamvis
3380 900 3541 965 nihil
3575 900 3757 966 deest

509 998 727 1063 ‘nobis
770 999 1038 1082 imperio
1086 1008 1295 1065 vestro
1341 999 1826 1079 famulantibuS,
1878 1009 2127 1082 tamen,
2182 1001 2235 1065 si
2285 1001 2551 1085 dignum
2599 1003 2773 1067 ducit
2818 1003 3027 1086 pietas
3073 1010 3310 1085 vestra,
3364 1003 3755 1069 desiderium

502 1204 799 1286 loquendi
831 1225 1168 1270 concessa:
1229 1206 1626 1290 ‘Hesperia’,
1677 1208 1922 1289 inquid,
1970 1217 1984 1243 ‘
2007 1210 2224 1292 plaga,
2281 1228 2448 1289 quae
2481 1209 2723 1273 dudum
2756 1209 3163 1274 decessorum
3196 1210 3757 1293 prodecessorum-

507 1312 666 1388 ‘que
714 1317 1062 1373 vestrorum
1111 1310 1419 1393 regimine
1465 1310 1823 1392 gubernata
1868 1319 1987 1391 est,
2042 1319 2106 1376 et
2150 1312 2301 1376 urbs
2345 1312 2462 1376 illa
2506 1319 2698 1394 caput
2741 1305 2913 1377 orbis
2959 1319 3022 1376 et
3067 1311 3328 1377 domina
3357 1333 3556 1396 quare
3587 1331 3756 1377 nunc

503 1414 518 1439 ‘
543 1409 660 1473 sub
722 1378 1505 1494 regiff‘Thoreilingorum
1567 1414 2013 1496 Rogorumque
2074 1414 2403 1497 tyrranide
2464 1414 2851 1479 fluctuatur?
2927 1415 3132 1498 dirige
3196 1437 3297 1481 me
3360 1435 3502 1480 cum
3562 1422 3754 1499 gente

507 1516 706 1589 ‘mea,
765 1514 819 1576 si
867 1515 1222 1598 praecepis,
1278 1522 1348 1580 ut
1392 1522 1456 1580 et
1501 1515 1604 1580 hic
1649 1536 2078 1600 expensarum
2125 1516 2404 1601 pondere
2450 1538 2677 1583 careas
2723 1525 2787 1583 et
2829 1517 2946 1598 ibi,
3004 1517 3060 1582 si
3104 1519 3363 1583 adiutus
3408 1540 3448 1583 a
3492 1518 3752 1583 domino

504 1614 782 1693 ‘vicero,
838 1616 1013 1680 fama
1070 1626 1322 1683 vestrae
1380 1619 1640 1702 pietatis
1697 1619 1995 1684 inradiet.
2107 1620 2369 1704 expedit
2425 1641 2735 1703 namque,
2803 1628 2873 1686 ut
2931 1640 3086 1704 ego,
3155 1621 3265 1702 qui
3327 1641 3468 1686 sum
3530 1639 3753 1685 servus

504 1721 751 1783 ‘vester
795 1727 859 1784 et
902 1720 1090 1798 filius,
1148 1721 1203 1784 si
1250 1722 1478 1799 vicero,
1536 1722 1716 1787 vobis
1764 1722 2149 1788 donantibus
2196 1744 2462 1805 regnum
2504 1724 2669 1789 illud
2700 1723 3119 1807 possedeam;
3190 1725 3348 1789 haut
3376 1725 3509 1802 ille,
3561 1744 3751 1806 quem

504 1824 663 1884 ‘non
712 1823 935 1899 nostiS,
988 1824 1307 1907 tyrranico
1355 1825 1505 1907 iugo
1550 1833 1840 1890 senatum
1886 1834 2173 1891 vestrum
2204 1833 2579 1910 partemque
2611 1826 2705 1891 rei
2737 1826 3034 1910 publicae
3067 1826 3458 1910 captivitatis
3492 1827 3752 1892 servitio

504 1925 807 2008 ‘premat.
904 1946 1024 2009 ego
1084 1927 1254 1992 enim
1313 1929 1367 1991 si
1425 1928 1671 2009 vicer0,
1738 1937 1950 1993 vestro
2012 1929 2178 1993 dono
2240 1937 2578 2012 vestroque
2642 1950 2904 1995 munere
2964 1929 3355 2014 possedeb03
3432 1930 3487 1994 si
3547 1930 3753 1994 victus

1797 1124 2067 1188 cumque
2128 1105 2221 1187 ei,
2289 1113 2358 1170 ut
2403 1106 2686 1183 solebat,
2755 1104 3158 1170 familiariter
3201 1105 3475 1171 facultas
3521 1106 3753 1171 fuisset
3800 1107 3916 1168 291

3893 1412 3949 1462 χ,
3987 1388 4099 1493 fria·
4125 1394 4291 1469 [2-0ιὸ

504 2027 737 2107 ‘fuero,
791 2036 1005 2093 vestra
1050 2030 1255 2114 pietas
1302 2031 1461 2096 nihil
1508 2032 1771 2111 amittit,
1825 2033 2049 2113 immo,
2105 2039 2174 2097 ut
2218 2031 2533 2113 diximuS,
2589 2034 2874 2098 lucratur
2919 2036 3365 2117 expensas'1).
3459 2053 3583 2114 quo
3627 2054 3750 2098 au-
3796 2035 3921 2097 292

401 2150 457 2190 ιε)
498 2129 632 2194 dito
677 2133 971 2212 quamvis
1017 2153 1210 2215 egrae
1257 2133 1452 2199 ferret
1495 2135 1842 2218 imperator
1887 2134 2245 2200 discessum
2290 2136 2453 2211 eiuS‚
2507 2136 2734 2200 nolens
2777 2143 2993 2200 tamen
3040 2157 3185 2201 eum
3227 2136 3603 2201 contristare
3636 2157 3755 2200 an-

494 2233 634 2297 nuit
678 2255 843 2315 quae
891 2237 1227 2319 poscebat,
1285 2237 1664 2319 magnisque
1712 2236 1982 2302 ditatum
2029 2238 2400 2303 muneribus
2448 2238 2691 2304 dimisit
2732 2258 2772 2302 a
2818 2258 2925 2321 se,
2978 2247 3271 2304 senatum
3317 2240 3752 2323 populumque

495 2337 555 2400 ei
600 2339 1054 2403 commendans
1099 2340 1453 2404 Romanum
1471 2342 1546 2417 2).
1639 2340 1838 2421 igitur
1883 2360 2186 2431 egressus
2233 2341 2388 2406 urbe
2434 2343 2617 2426 regia
2647 2341 3083 2406 Theodoricus
3131 2349 3195 2406 et
3238 2342 3323 2406 ad
3354 2362 3503 2407 suos
3535 2362 3753 2407 rever-

493 2445 636 2503 tens
684 2461 934 2504 omnem
980 2450 1237 2524 gentem
1287 2443 1656 2521 Gothorum,
1713 2444 1822 2526 qui
1867 2450 2081 2508 tamen
2129 2443 2187 2508 ei
2234 2445 2626 2527 prebuerunt
2669 2463 3074 2524 consensum,
3126 2446 3505 2529 Hesperiam
3552 2444 3757 2511 tendit

495 2550 792 2625 rectoque
852 2544 1079 2608 itinere
1140 2565 1255 2628 per
1300 2545 1527 2609 Sirmis
1587 2545 1883 2610 ascendit
1944 2546 2157 2611 vicina
2201 2547 2599 2629 Pannoniae,
2664 2547 2942 2630 indeque
2987 2549 3398 2614 Venetiarum
3443 2549 3605 2613 fines
3651 2549 3753 2613 in-

495 2664 755 2726 gressus
811 2646 895 2709 ad
940 2647 1202 2712 Pontem
1252 2648 1455 2712 Sontii
1501 2656 1936 2732 nuncupatum
1999 2656 2209 2714 castra
2254 2657 2529 2715 metatus
2590 2657 2708 2716 est.
2803 2670 3072 2735 cumque
3130 2652 3222 2716 ibi
3276 2652 3361 2717 ad
3405 2651 3752 2717 reficienda
3796 2653 3921 2716 293

495 2765 757 2831 corpora
800 2749 1125 2812 hominum
1170 2750 1721 2833 iumentorumque
1767 2752 2097 2834 aliquanto
2127 2760 2412 2836 tempore
2445 2753 2815 2833 resedisset,
2869 2753 3160 2819 Odoacer
3189 2762 3502 2819 armatum
3535 2762 3752 2819 contra

494 2870 636 2914 eum
686 2851 920 2915 direxit
966 2853 1335 2917 exercitum.
1432 2875 1621 2936 quem
1664 2854 1778 2919 ille
1825 2854 1910 2918 ad
1957 2875 2219 2940 campos
2264 2857 2670 2921 Veronenses
2715 2876 3051 2923 occurrens
3095 2878 3331 2941 magno
3377 2865 3590 2941 strage
3637 2858 3753 2923 de-

492 2953 650 3018 levit
667 2957 706 3035 3)
765 2962 1099 3036 castraque
1147 2957 1358 3020 soluta
1402 2957 1634 3022 finibus
1680 2958 1910 3022 Italiae
1960 2978 2102 3022 cum
2158 2958 2399 3042 potiore
2460 2960 2736 3024 audacia
2791 2960 3019 3039 intrat,
3079 2967 3528 3044 transactoque
3575 2960 3752 3025 Pado

492 3076 679 3121 amne
724 3058 811 3121 ad
856 3059 1230 3123 Ravennam
1276 3061 1520 3143 regiam
1568 3061 1792 3125 urbem
1839 3069 2051 3126 castra
2096 3062 2414 3145 componit
2474 3062 2660 3128 tertio
2706 3063 2840 3128 fere
2886 3063 3162 3128 miliario
3209 3062 3291 3128 ab
3340 3050 3526 3157 urbe!
3541 3064 3743 3182 locus!

3489 3184 3537 3206 7-

661 3370 715 3417 H
738 3371 783 3417 P
815 3371 853 3418 V
876 3372 916 3417 A
950 3370 992 3418 O
1018 3372 1064 3418 Β
1088 3373 1135 3419 X
1166 3372 1233 3420 (Y
1255 3373 1337 3432 Z).
1414 3372 1605 3420 Paulus
1643 3374 1675 3420 l.
1718 3389 1760 3420 c.
1839 3372 2096 3432 freculfus
2132 3374 2169 3421 l.
2210 3389 2251 3422 c.
2302 3373 2382 3433 (ad
2418 3373 2482 3423 24
2521 3375 2813 3438 componit).

665 3523 686 3572 1
729 3526 1041 3574 resedentem
1073 3526 1115 3573 O
1319 3528 1544 3575 idoniam
1574 3527 1616 3574 O
1826 3527 1856 3575 2
1894 3529 2084 3576 otiosus
2112 3530 2156 3575 A
2366 3531 2508 3577 bonis
2544 3531 2639 3576 AX
2652 3529 2691 3576 Υ
2893 3531 2926 3580 4
2961 3526 3156 3596 uestro]
3191 3535 3280 3578 tuo
3306 3531 3351 3577 A
3558 3527 3752 3597 tamen]

489 3615 681 3658 tantum
724 3612 814 3658 ΧΖ
857 3614 978 3673 (non
1012 3611 1071 3671 Y)
1324 3614 1353 3661 5
1391 3615 1443 3661 ei
1479 3628 1577 3660 om.
1607 3613 1745 3660 ΧΥΖ
1974 3615 2208 3662 familiari
2246 3615 2289 3660 V
2527 3615 2558 3664 6
2596 3617 2831 3678 loquendi
2867 3631 2962 3664 om.
2999 3615 3090 3662 OB
3323 3612 3472 3681 quae]
3508 3616 3597 3676 qni
3639 3616 3682 3663 O

488 3697 983 3758 prodecessoremque
1026 3697 1083 3758 O,
1124 3699 1661 3767 praedecessorumque
1700 3700 1839 3746 ΧΥΖ
2105 3699 2131 3746 7
2172 3701 2439 3760 gobernata
2480 3702 2524 3750 P
2765 3704 2901 3750 urbis
2946 3702 2988 3749 O
3249 3700 3280 3750 8
3315 3699 3750 3768 thorcilingorum]

487 3781 829 3841 HPVBXYZ,
872 3789 993 3832 tore.
1035 3785 1096 3844 A,
1138 3784 1593 3844 thorcilinguorum
1635 3783 1677 3831 O
1930 3783 2278 3852 rogorumque]
2318 3786 2466 3834 HPV
2487 3788 2647 3846 Frec„
2688 3801 2923 3849 rogorque
2960 3788 3019 3845 X,
3062 3794 3411 3850 rotgerumque
3461 3788 3559 3846 ΥΖ,
3601 3801 3752 3848 rugo-

485 3882 696 3929 rumque
739 3871 801 3927 A,
843 3875 893 3916 et
930 3883 1162 3928 rugorum
1206 3870 1293 3917 OB
1537 3872 1748 3920 fluctuat
1786 3870 1925 3919 AOB
2203 3871 2235 3920 9
2271 3870 2551 3939 praecepis]
2588 3873 2746 3933 HPV,
2787 3874 3038 3935 praecipis
3075 3873 3323 3921 AOBXY
3557 3881 3609 3922 et
3643 3869 3752 3939 hic]

486 3953 819 4002 HPVAXYZ
848 3955 1001 4016 Fac,
1043 3957 1124 4003 hic
1168 3955 1256 4002 OB
1464 3971 1492 4003 a
1527 3957 1576 4005 d.
1619 3956 1719 4005 adi.
1764 3958 1903 4005 suero
1943 3959 2109 4006 uicero
2144 3959 2182 4006 f.
2224 3961 2350 4019 piet.
2391 3973 2445 4007 n.
2488 3961 2532 4006 A
2782 3957 2844 4006 10
2882 3959 3162 4008 inradietur
3201 3961 3338 4010 Frec.
3551 3956 3664 4026 ego]
3701 3965 3753 4008 et

487 4054 574 4100 ego
598 4043 644 4088 A
860 4040 915 4089 11
957 4038 1273 4107 possedeam]
1308 4041 1518 4102 HPVO,
1561 4042 1841 4103 possideam
1869 4044 2063 4090 ABXY
2264 4040 2409 4110 baut]
2455 4044 2561 4102 OB,
2605 4045 2736 4093 haud
2761 4046 2810 4092 Χ
2823 4046 2870 4107 Υ,
2913 4053 3000 4092 aut
3024 4045 3237 4105 HPVA,
3279 4060 3428 4107 quam
3455 4052 3513 4093 ut
3539 4047 3674 4093 Frec.

486 4142 634 4188 quem
660 4109 758 4174 non
786 4129 947 4175 nostis
979 4129 1177 4190 (nostris
1207 4124 1296 4193 O)]
1332 4128 1489 4175 hostis
1516 4129 1653 4176 Frec.
1874 4128 1933 4177 12
1973 4124 2237 4194 tyrranico]
2274 4130 2387 4189 ΗΡ,
2431 4132 2692 4189 tyrannico
2722 4132 2808 4179 rel.
3022 4128 3163 4197 iugo]
3203 4130 3346 4179 OBX
3355 4133 3407 4194 Υ,
3446 4133 3558 4180 inco
3584 4132 3745 4193 HPV,

487 4215 587 4260 loco
626 4215 670 4260 A
882 4228 960 4261 res
997 4215 1199 4276 puplice
1242 4214 1283 4261 O
1493 4215 1759 4274 captiuatis
1798 4215 1848 4260 H
2058 4217 2247 4262 sernito
2283 4215 2359 4262 Va
2604 4216 2665 4265 13
2701 4213 2995 4283 possedebo]
3032 4216 3192 4280 HPV,
3233 4220 3443 4280 possebo
3487 4219 3545 4280 O,
3589 4221 3752 4280 possi-

486 4301 609 4348 debo
648 4301 789 4347 ABX
800 4301 839 4346 Y
1046 4299 1105 4348 14
1145 4302 1342 4347 amittat
1378 4299 1422 4346 B
1630 4296 1711 4365 ut]
1748 4306 1805 4346 ut
1841 4307 1901 4347 ut
1936 4301 1985 4346 X
2189 4298 2435 4368 diximus]
2473 4303 2584 4350 dixi
2623 4305 2667 4350 A
2875 4305 3096 4352 lucretur
3131 4305 3182 4351 X
3193 4305 3234 4351 Y
3440 4304 3500 4353 15
3539 4307 3752 4353 constri—

487 4393 618 4434 stare
654 4386 715 4445 B,
759 4387 1039 4433 contristari
1076 4388 1121 4433 A
1375 4384 1435 4433 18
1472 4399 1668 4433 omnem
1705 4381 1782 4450 g.]
1819 4400 1931 4432 cum
1972 4387 2106 4432 omni
2143 4393 2293 4446 gente
2332 4389 2377 4435 A
2612 4384 2723 4453 qui]
2758 4404 2887 4450 quae
2923 4389 2968 4436 B
3201 4387 3394 4456 tamen]
3429 4398 3551 4440 tunc
3587 4393 3636 4440 X
3648 4392 3689 4438 Υ

485 4473 798 4534 prebuerunt
841 4473 1127 4533 (praebuere
1154 4473 1212 4531 A)
1258 4467 1583 4537 consensum]
1622 4470 1903 4517 HPVAXY
1930 4472 2086 4530 Erec„
2130 4473 2394 4534 prebuerat
2419 4487 2707 4522 concessum
2741 4473 2799 4533 O,
2841 4476 3135 4535 praebuerat
3160 4490 3460 4525 consensum
3486 4492 3750 4526 assumens

486 4559 531 4605 Β
720 4558 1028 4618 haesperiem
1066 4557 1158 4620 Va,
1200 4558 1474 4620 hisperiam
1509 4556 1551 4602 O
1754 4555 1813 4605 19
1850 4558 2032 4615 syrmis
2058 4558 2106 4604 Χ
2119 4558 2213 4620 YZ,
2252 4560 2427 4607 sirmas
2455 4559 2518 4621 B,
2560 4559 2747 4608 Sirmos
2773 4560 2908 4609 Free.
3107 4558 3299 4628 uicina]
3322 4563 3559 4611 HPVAB
3586 4565 3746 4626 Frec„

487 4645 706 4692 uicinam
747 4645 796 4691 Χ
808 4644 901 4705 ΥΖ,
945 4657 1041 4693 om.
1078 4643 1120 4689 O
1326 4639 1573 4708 indeque]
1608 4643 1843 4703 idemque
1881 4645 1925 4688 A
2135 4640 2286 4710 fines]
2324 4652 2490 4706 partes
2529 4647 2570 4691 A
2781 4648 3040 4707 ingressus
3076 4662 3171 4696 om.
3211 4647 3289 4695 V⁶
3533 4649 3598 4698 20
3635 4664 3750 4698 son-

485 4733 557 4778 tio
597 4729 685 4777 OB
911 4728 968 4778 21
1012 4731 1176 4790 aliquo
1214 4730 1349 4778 Frec.
1563 4729 1870 4777 consedisset
1907 4729 2009 4776 ΧΥ
2210 4730 2451 4779 odouacer
2492 4730 2580 4778 OB
2790 4740 3034 4781 armatum
3071 4748 3168 4781 om.
3200 4735 3245 4782 A
3471 4735 3536 4784 22
3574 4730 3748 4800 quem]

486 4817 667 4877 cuique
706 4817 844 4863 XYZ
1094 4829 1268 4874 magno
1307 4811 1426 4881 str.]
1462 4814 1622 4875 HPV,
1664 4829 1840 4874 magna
1876 4825 1964 4863 stt.
2014 4815 2197 4864 OBXY
2222 4818 2379 4879 Frec„
2421 4823 2583 4876 strage
2620 4831 2798 4877 magna
2833 4820 2879 4865 A
3157 4819 3224 4868 23
3260 4822 3534 4883 castrisque
3570 4823 3749 4870 solutis

487 4903 627 4949 ΑΒΧ
639 4901 678 4948 Υ
879 4897 1089 4967 finibus]
1129 4902 1255 4949 fines
1282 4902 1382 4948 AX
1393 4901 1432 4947 Y
1633 4902 1845 4948 intrauit
1870 4903 1933 4952 Α,
1977 4903 2138 4949 intret
2167 4902 2209 4949 O
2416 4903 2546 4965 pade
2573 4903 2637 4962 H,
2680 4904 2804 4965 podo
2831 4902 2907 4951 A⁶
3116 4904 3182 4954 24
3217 4920 3318 4966 reg.
3351 4909 3463 4955 urb.
3502 4921 3599 4955 om.
3633 4907 3678 4954 A

486 4984 763 5053 componit]
800 4989 946 5049 ponit
982 4989 1023 5033 A
1234 4988 1294 5035 ab
1331 4988 1453 5034 urbe
1491 4988 1598 5035 mil.
1642 4990 1687 5033 A
1921 4983 2082 5053 locus]
2119 4987 2372 5044 HPVOX,
2416 4989 2519 5037 loco
2557 4990 2706 5037 ABY

483 5163 777 5171 βψ
796 5165 807 5168 -
828 5162 1203 5168 -ῥ-ῂ--μ--ψ--ή

664 5281 703 5341 l)
749 5280 888 5342 opud
920 5280 1145 5327 Oro-sium
1174 5283 1220 5341 7,
1256 5281 1323 5327 43
1358 5294 1442 5327 rea:
1476 5280 1849 5338 Veseyothamm
1883 5280 2043 5328 Vallia
2069 5284 2185 5342 imp.
2216 5281 2437 5328 Honorio
2475 5281 2589 5329 haec
2623 5282 2860 5331 mandat:
2895 5288 2953 5331 tu
2989 5297 3106 5331 cum
3141 5285 3375 5332 omnibus
3409 5299 3582 5347 pacem
3619 5288 3746 5335 habe

484 5370 809 5428 omniumque
848 5368 1047 5414 obsides
1084 5368 1283 5427 avcipe:
1339 5380 1428 5414 nos
1478 5366 1617 5413 nobis
1662 5368 2003 5426 confligimus,
2064 5369 2204 5416 nobis
2255 5370 2509 5429 perimus,
2563 5370 2659 5417 tibi
2696 5370 2973 5418 vincimus:
3025 5371 3321 5419 immortalis
3358 5385 3471 5420 vero
3507 5379 3747 5433 quaestus

484 5454 578 5500 erit
613 5454 684 5500 rei
724 5453 954 5513 publicae
992 5460 1122 5513 tuae,
1166 5455 1210 5501 si
1250 5454 1451 5513 utrique
1491 5466 1766 5512 pereamus.

655 5537 703 5600 2)
747 5537 816 5598 cf.
849 5539 1140 5599 Anonymus
1172 5539 1457 5585 Valerianus
1483 5539 1580 5584 49:
1621 5539 1757 5585 Zeno
1793 5552 2176 5599 recompensans
2212 5540 2468 5587 beneflciis
2501 5540 2859 5589 Theodericum
2897 5555 3046 5602 quem
3086 5544 3201 5591 fecit
3236 5545 3504 5606 patricium
3544 5550 3594 5592 et
3631 5558 3747 5592 con·

482 5627 663 5684 anilem,
705 5624 897 5671 donans
934 5627 978 5670 ei
1018 5624 1231 5671 multum
1270 5630 1321 5670 et
1358 5626 1567 5671 mittens
1604 5638 1716 5672 eum
1756 5624 1816 5670 ad
1853 5624 2071 5672 Italiam.
2723 5633 2736 5637 “

657 5709 700 5768 3)
747 5708 806 5769 cf
857 5710 1064 5756 annales
1102 5709 1417 5756 Ravennates
1453 5708 1520 5755 ad
1555 5725 1604 5757 α.
1648 5712 1781 5756 490.-
1835 5709 1912 5755 his
1963 5711 2252 5758 consulibus
2300 5711 2559 5774 ingressus
2609 5717 2687 5760 est
2733 5726 2822 5760 rex
2861 5713 3196 5762 Theodericus
3242 5716 3297 5762 in
3347 5716 3530 5763 fossato
3577 5718 3745 5777 pontis

484 5797 654 5844 Sontis
695 5805 748 5842 et
784 5796 914 5854 fugit
951 5795 1167 5843 Odoacar
1203 5809 1289 5841 rex
1328 5795 1389 5841 de
1429 5795 1610 5842 fossato
1647 5802 1697 5842 et
1735 5797 1859 5843 abiit
1895 5798 1947 5842 in
1986 5797 2250 5846 Beronam.

3737 3067 3774 3093 Γ
