4882 6775
0 1590 216 1763 ΗΒΑ

235 1823 302 1863 cr.
333 1824 434 1864 cet.
465 1824 542 1865 :31⁴
567 1808 787 1865 contra
846 1822 1034 1884 quem
1096 1802 1456 1866 Germanus
1515 1800 1821 1885 patricius
1883 1801 2034 1866 dum
2093 1801 2268 1865 exire
2334 1800 2616 1884 disponit
2671 1821 2814 1866 cum
2876 1803 3194 1883 exercitu,
3262 1802 3821 1867 Mathesuentham
3859 1808 3984 1869 383
4046 1832 4067 1853 ·

2127 473 2465 532 ROMANA.
3736 484 3811 544 51

563 666 928 733 crudelitati
987 667 1203 732 navali
1262 667 1470 731 classe
1530 687 1571 731 a
1615 666 1839 732 Sicilia
1898 666 2182 746 solvens,
2246 687 2361 750 per
2404 667 2678 749 Tyrreni
2741 667 2936 733 maris
2995 674 3245 733 aestum
3291 669 3576 734 Romano
3633 677 3817 753 portu

564 790 633 835 se
694 770 935 854 recepit
989 771 1263 835 statione
1321 788 1746 852 egressusque
1802 769 1890 834 ad
1934 770 2154 834 urbem
2201 791 2392 852 quam
2443 777 2511 834 ut
2553 771 2942 836 destructam
2988 778 3051 837 et
3096 771 3450 837 desolatam
3497 772 3810 854 adtendit,

563 873 918 954 condoluit,
994 874 1379 956 hortansque
1448 872 1654 937 socios
1714 873 1802 937 ad
1861 873 2330 956 reparationem
2389 879 2605 938 tantae
2667 874 2844 938 urbis
2902 874 3281 957 accingitur.
3374 875 3484 940 ubi
3542 876 3817 941 necdum
3855 878 3969 938 381

564 977 733 1042 vallo
765 976 1224 1060 circumseptus
1256 975 1560 1041 infestum
1591 976 1920 1059 experitur
1949 977 2227 1041 Totilam
2251 978 2316 1058 ¹),
2371 976 2489 1041 sed
2522 977 2729 1041 solitis
2773 976 3054 1041 victoriis
3097 977 3476 1062 intrepidae,
3528 980 3821 1061 quamvis

564 1100 705 1144 cum
750 1080 974 1163 paucis
1020 1087 1242 1145 contra
1286 1100 1430 1144 eum
1478 1098 1810 1161 egressus,
1877 1079 1970 1144 sic
2017 1080 2363 1162 effugavit,
2424 1086 2493 1143 ut
2536 1080 2685 1163 plus
2729 1079 3051 1162 fugientes
3099 1081 3316 1146 Tiberi
3364 1080 3820 1165 demergeren-
3860 1105 3886 1141 5

563 1190 665 1246 tur
722 1204 913 1266 quam
974 1183 1191 1267 gladio
1252 1183 1573 1247 caderent.
1669 1182 1947 1264 indeque
2004 1182 2292 1247 hortatus
2352 1183 2670 1248 exercitus
2716 1183 3076 1263 regreditur
3120 1184 3408 1251 Siciliam
3432 1238 3446 1265 ,
3507 1193 3822 1268 quatenus

567 1292 630 1350 et
675 1287 914 1351 Romae
972 1307 1265 1351 annonae
1326 1286 1570 1351 faceret
1630 1286 1900 1379 cupiam*
1942 1292 2007 1350 et
2061 1285 2310 1351 vicinus
2370 1284 2455 1349 ad
2502 1285 2732 1351 fretum
2780 1286 3145 1351 Totilanem
3188 1288 3475 1353 turbaret
3518 1288 3584 1352 in
3629 1290 3823 1354 Cam-

567 1389 759 1472 pania
802 1398 1318 1455 commorantem.
1416 1388 1531 1454 sed
1590 1397 1658 1454 ut
1715 1389 1998 1469 adsolet,
2065 1410 2274 1453 rerum
2339 1388 2605 1453 mutatio
2652 1396 2717 1455 et
2760 1390 3116 1475 principum
3162 1392 3490 1457 voluntate
3535 1391 3817 1459 diversa.

567 1492 921 1573 quiescenti
980 1493 1046 1557 in
1101 1493 1358 1558 domino
1404 1492 1748 1557 Theodora
1791 1493 2086 1575 Augusta
2143 1499 2445 1556 evocatur
2502 1492 2587 1556 ad
2650 1494 2868 1558 urbem
2930 1494 3297 1559 Belesarius
3357 1495 3439 1560 de
3499 1494 3812 1559 Siciliam.
3856 1496 3981 1558 382

566 1601 712 1678 post
768 1596 950 1662 cuius
1009 1595 1364 1814 dgffessum
1409 1595 1624 1661 Totila
1682 1613 1943 1660 securus
1987 1595 2218 1660 iterata
2262 1594 2441 1660 rabie
2494 1595 2894 1661 tradentibus
2938 1595 3179 1661 Isauris
3224 1597 3471 1662 invadit
3514 1598 3812 1661 Romam:
3864 1619 3922 1659 ιο

565 1704 629 1762 et
673 1698 767 1762 sic
811 1699 1046 1783 sumpti
1127 1698 1408 1781 undique
1455 1697 1696 1763 viribus
1739 1698 2126 1780 militarique
2173 1698 2452 1762 vallatus
2498 1698 2742 1762 auxilio
2787 1699 3145 1781 ingreditur
3178 1700 3473 1784 capitque
3506 1699 3817 1764 Siciliam.

566 1904 946 1969 Theodorici
991 1904 1163 1987 regis
1207 1912 1464 1989 neptem
1511 1911 1576 1969 et
1620 1925 1660 1968 a
1705 1904 1938 1986 Vitigis
1982 1911 2228 1968 mortuo
2274 1903 2669 1987 derelictam,
2728 1904 3022 1970 tradente
3069 1904 3191 1969 sibi
3235 1905 3524 1989 principe
3570 1905 3635 1968 in
3680 1926 3822 1970 ma-

499 2024 506 2032 ·
566 2007 860 2072 trimonio
905 2016 1259 2092 sumptam,
1325 2008 1392 2071 in
1437 2007 1819 2073 Sardicense
1866 2007 2125 2073 civitate
2170 2015 2526 2073 extremum
2572 2008 2846 2073 halitum
2892 2007 3093 2088 fudit,
3144 2008 3516 2090 relinquens
3560 2028 3820 2073 uxorem

157 2341 312 2381 Marc.
343 2342 438 2381 54¹.
468 2341 546 2381 5⁴5

423 2529 540 2569 IGN.

192 2583 262 2623 cf.
297 2581 437 2622 nare.
467 2583 542 2621 547

565 2111 938 2193 gravidam,
1005 2131 1170 2193 quae
1228 2118 1373 2195 post
1431 2110 1571 2176 eius
1630 2111 1870 2176 obitum
1931 2116 2294 2194 postumum
2356 2111 2417 2176 ei
2464 2111 2671 2177 edidit
2715 2111 2916 2176 filium
2962 2111 3343 2194 vocavitque
3390 2111 3817 2177 Germanum:
3865 2137 3923 2176 ιε»

569 2234 696 2296 qua
739 2213 1047 2278 felicitate
1092 2213 1216 2277 sibi
1260 2213 1475 2278 Totila
1518 2221 1823 2298 conperta
1865 2222 2064 2279 totam
2109 2234 2275 2299 pene
2320 2214 2642 2279 insultans
2687 2214 2993 2279 Romanis
3041 2214 3336 2280 devastat
3378 2215 3658 2279 Italiam.

743 2316 965 2381 Africa
1019 2336 1170 2381 vero
1229 2337 1270 2380 a
1313 2317 1554 2381 Mauris
1614 2317 1855 2382 dudum
1915 2324 2245 2401 perempto
2291 2317 2634 2382 Solomone
2679 2318 2703 2402 ΙΙ
2751 2317 3005 2382 Stotzas
3062 2324 3127 2383 et
3167 2318 3489 2382 Iohannes
3546 2317 3821 2382 invicem
3861 2324 3985 2385 384

568 2420 879 2502 singulari
927 2419 1270 2484 certamine
1317 2426 1643 2496 corruunt3
1696 2420 1993 2501 aliusque
2038 2419 2365 2503 Iohannis,
2418 2420 2528 2502 qui
2567 2420 2819 2485 Stotzas
2862 2420 3074 2485 iunior
3118 2421 3471 2501 dicebatur,
3524 2426 3827 2504 suscepta

569 2523 909 2607 tyrannide
962 2523 986 2607 ΙΙ
1041 2522 1395 2588 Guntharic
1440 2543 1612 2606 mag.
1662 2523 1936 2588 militum
1983 2543 2199 2588 secum
2246 2523 2499 2589 suadet.
2592 2524 2702 2605 qui
2746 2523 3082 2589 interfecto
3127 2522 3498 2588 Areobinda
3541 2522 3824 2605 iugalem

570 2628 709 2692 eius
768 2632 1025 2709 neptem
1082 2626 1485 2710 imperatoris
1542 2626 1664 2690 sibi
1724 2626 1988 2711 cupiens
2048 2626 2291 2691 sociare
2351 2627 2764 2709 praevenitur
2820 2628 2903 2693 ab
2948 2626 3295 2692 Artabane.
3393 2626 3502 2708 qui
3554 2646 3699 2691 eum
3755 2626 3825 2689 in
3866 2651 3926 2692 20

572 2730 862 2795 convivio
926 2729 1309 2795 trucidatum
1376 2736 1760 2814 neptemque
1826 2730 2229 2814 imperatoris
2298 2737 2584 2814 ereptam
2640 2729 2725 2794 ad
2784 2730 3009 2795 urbem
3068 2729 3344 2814 principi
3403 2728 3624 2812 dirigit
3684 2749 3827 2794 cum

572 2833 837 2914 honore,
909 2832 1226 2914 simulque
1272 2833 1497 2897 ferreis
1542 2832 1814 2897 vinculis
1860 2833 2250 2916 conligatum
2296 2832 2357 2897 ei
2401 2839 2742 2917 tyrannum
2804 2832 3152 2898 destinavit
3210 2832 3560 2897 Iohannem
3579 2834 3652 2915 ²),
3721 2831 3830 2914 qui

573 2935 852 3001 Stotzam
909 2943 1309 3021 peremptum
1362 2936 1432 3000 in
1492 2935 1720 3000 eadem
1766 2942 2165 3001 successerat
2205 2935 2572 3019 tyrannide.
2667 2956 2857 3019 quem
2903 2936 2968 3000 in
2993 2936 3234 2999 urbem
3280 2934 3645 3017 praefectus
3692 2934 3828 2998 dis-
3866 2943 4011 3005 385·
4038 2977 4057 2995 ·

574 3057 829 3103 cussum
889 3039 1312 3123 manibusque
1367 3040 1706 3122 truncatis,
1774 3039 1858 3104 ad
1919 3040 2285 3124 exemplum
2344 3046 2696 3105 ceterorum
2755 3039 2822 3103 in
2881 3039 3171 3124 patibulo
3228 3037 3389 3103 fixit.
3480 3038 3829 3103 Iohannem

574 3141 806 3207 dehinc
850 3143 1185 3227 patricium
1231 3142 1610 3227 cognomine
1654 3137 2010 3226 Troglitam
2053 3142 2314 3208 Africae
2358 3142 2801 3227 procuratione
2849 3141 3209 3225 commissa,
3260 3141 3630 3207 Artabanus
3676 3162 3831 3206 evo·
3871 3168 3932 3209 25

571 3253 750 3310 catus
795 3266 967 3328 mag.
1017 3245 1288 3311 militum
1336 3247 1694 3330 praesentis
1738 3247 1989 3330 accepit
2031 3246 2409 3329 dignitatem
2427 3249 2500 3330 ³).
2596 3266 2716 3311 nec
2761 3246 2872 3310 diu
2914 3245 3351 3311 intercedente
3380 3244 3448 3309 in
3479 3245 3619 3330 ipso
3654 3244 3832 3329 prin-

574 3349 714 3434 cipe
770 3369 1000 3415 manus
1057 3350 1295 3416 inicere
1350 3350 1635 3434 gestiens
1696 3349 1987 3416 detectus
2040 3356 2105 3416 et
2149 3350 2576 3435 conprobatus
2622 3348 2861 3435 pietate
2906 3356 3122 3414 tamen
3167 3348 3522 3434 principale
3568 3348 3831 3433 inpuni-

570 3460 674 3518 tus
747 3453 1100 3537 permansit
1170 3460 1236 3519 et
1309 3454 1496 3538 quasi
1567 3453 1906 3520 benivolus
1980 3461 2200 3518 contra
2272 3454 2640 3518 Totilanem
2714 3452 2942 3518 Sicilia
3021 3473 3163 3517 cum
3239 3452 3492 3518 Liberio
3568 3453 3834 3536 patricio

574 3556 961 3641 properavit.
1052 3558 1377 3622 Iohannes
1438 3578 1589 3623 vero
1647 3557 1714 3622 in
1758 3557 2065 3622 Africana
2124 3556 2453 3642 provincia
2512 3555 2787 3622 feliciter
2846 3556 3094 3640 degens
3140 3556 3396 3621 Mauros
3454 3556 3658 3640 partis
3715 3557 3834 3621 ad-

754 3852 805 3898 H
827 3852 872 3899 P
901 3850 998 3898 VS
1030 3852 1110 3913 (ad
1150 3851 1211 3900 16
1248 3853 1460 3915 Italiam)
1491 3853 1534 3901 L
1572 3852 1832 3913 steculfua
1869 3855 1919 3916 2,
1962 3857 2012 3916 5,
2052 3855 2118 3901 23
2163 3854 2244 3918 (ad
2283 3854 2345 3904 16
2382 3855 2618 3917 Italiam).
2660 3881 2729 3890 —
2768 3852 2897 3903 Mur.
2935 3870 2988 3915 p.
3019 3840 3146 3901 242⁶
3182 3872 3231 3905 υ.
3263 3852 3326 3902 14
3360 3855 3413 3901 in
3449 3851 3756 3901 Sardicense.

756 4006 777 4055 1
821 4003 1131 4072 crudelitati]
1167 3995 1293 4054 Hpb
1310 4006 1440 4068 VSL,
1484 4008 1784 4056 crudelitate
1823 4008 1901 4055 P‘
2178 4010 2435 4068 tyrhereni
2475 4008 2527 4070 8,
2570 4010 2746 4057 tirreni
2783 4009 2826 4057 L
3104 4022 3302 4057 romano
3344 4008 3453 4070 (-nu
3489 4008 3549 4068 L)
3592 4012 3735 4070 portu
3777 4022 3832 4055 se

589 4095 817 4156 (portum
847 4092 948 4154 Ha,
991 4099 1192 4156 portur-e
1216 4093 1303 4156 12⁰,
1346 4100 1576 4156 poi-tusae
1603 4094 1736 4155 P‘1V)
1781 4096 1971 4157 recepit
2006 4096 2211 4143 stationi
2247 4095 2358 4143 libri
2569 4094 2598 4143 2
2638 4092 2717 4161 ut]
2752 4097 2806 4143 ui
2843 4096 2881 4144 8
3087 4095 3364 4142 desolatam
3400 4093 3473 4142 La
3683 4092 3714 4142 3
3751 4108 3832 4142 so-

582 4182 689 4228 cius
726 4180 825 4226 ΗΡ
1028 4182 1367 4241 accinognuur
1403 4181 1447 4228 L
1677 4181 1707 4229 5
1746 4181 1989 4230 tiberiade
2025 4196 2178 4243 marg.
2220 4160 2307 4228 H'
2500 4182 2532 4230 6
2569 4182 2725 4229 eladio
2761 4182 2861 4228 ΗΡ
3064 4182 3226 4229 sieilia
3263 4180 3390 4228 va
3597 4180 3625 4227 7
3664 4181 3830 4228 totu.-

584 4262 720 4332 nem]
759 4253 882 4328 SU’,
922 4267 1201 4314 totillanem
1238 4267 1397 4328 HPV,
1439 4267 1691 4315 tolilanem
1733 4267 1803 4314 [θ’
2059 4267 2090 4316 8
2126 4267 2437 4316 uoluntatem
2475 4267 2519 4315 L
2773 4267 2804 4315 9
2841 4263 3148 4332 quiescenti]
3184 4267 3385 4327 HVSL,
3426 4267 3689 4328 quiescent
3725 4266 3769 4312 P

583 4354 875 4400 bellesarius
899 4351 938 4398 S
1142 4349 1377 4418 siciliam]
1414 4352 1561 4399 HPV
1768 4353 1830 4403 10
1868 4355 2122 4403 discessus
2147 4355 2190 4402 L
2399 4355 2566 4402 totilla
2595 4352 2740 4400 HPV
2945 4355 3104 4402 rabiet
3139 4353 3485 4402 etradentibus
3524 4351 3634 4412 PV,
3664 4345 3835 4400 ‘rabiet

581 4439 955 4488 aeti-edentibus
1002 4439 1083 4500 H,
1142 4441 1276 4487 rabie
1325 4445 1377 4488 et
1423 4440 1739 4488 tradentibus
1784 4440 1853 4500 L,
1914 4441 2079 4488 rabiae
2128 4440 2448 4488 tradentibus
2497 4439 2536 4486 S
2816 4439 2870 4488 ll
2912 4441 3163 4501 sumptias
3213 4440 3252 4487 V
3523 4441 3755 4501 cepitque
3792 4439 3834 4486 L

587 4524 648 4574 12
685 4526 1118 4574 mathescnntham
1155 4525 1200 4573 L
1435 4525 1495 4574 13
1537 4525 1836 4575 theodocrici
1874 4526 1923 4589 S,
1967 4526 2239 4575 theoderici
2277 4527 2319 4573 L
2528 4526 2813 4574 tradentem
2862 4526 2901 4573 V
3130 4526 3192 4575 15
3229 4532 3514 4588 postumum
3551 4521 3624 4590 ei]
3661 4531 3836 4587 postu·

583 4626 720 4660 mum
757 4611 808 4671 S,
852 4613 1156 4674 postumium
1194 4612 1238 4659 L
1449 4610 1507 4659 17
1548 4617 1707 4660 stotza
1742 4612 1931 4660 HPVL
2165 4611 2228 4661 19
2265 4614 2501 4672 magister
2537 4612 2649 4660 libri
2857 4626 2954 4675 quo
2992 4613 3027 4661 i.
3067 4612 3379 4661 areobindam
3418 4612 3461 4660 L
3668 4613 3833 4672 iugale

582 4712 724 4746 meus
760 4697 857 4744 ΗΡ
1079 4697 1143 4746 20
1180 4698 1408 4745 altabane
1445 4696 1516 4745 L“
1746 4697 1811 4746 22
1849 4695 1920 4765 ei]
1956 4704 2008 4747 et
2042 4699 2153 4747 libra·
2364 4698 2428 4747 23
2466 4699 2765 4747 tirannidem
2804 4698 2847 4746 L
3056 4697 3121 4747 24
3160 4700 3211 4746 in
3249 4713 3346 4748 om.
3377 4698 3420 4746 L
3629 4696 3693 4745 25
3732 4704 3834 4746 tro·

583 4785 754 4843 glitem
792 4784 835 4831 L
1044 4790 1345 4833 conuocatus
1385 4785 1429 4832 L
1635 4782 1701 4833 26
1738 4787 1975 4846 magister
2010 4784 2203 4831 HPVL
2411 4784 2475 4833 27
2515 4779 2726 4849 inicere]
2765 4784 2823 4846 L,
2869 4785 3085 4833 iniecere
3122 4785 3265 4831 HPV
3469 4780 3716 4849 gestiens]
3750 4799 3836 4830 cu·

582 4873 729 4933 piens
765 4871 808 4918 L
1015 4870 1082 4920 28
1119 4867 1303 4937 sicilia]
1337 4870 1528 4919 HPVL
1734 4870 1800 4920 29
1837 4871 2026 4933 parthis
2063 4870 2211 4918 HPV

762 5095 803 5159 1)
849 5097 1118 5144 Belisarius
1162 5111 1190 5143 a
1227 5095 1461 5144 Ravenna
1498 5109 1728 5154 egressus
1765 5097 1905 5143 venit
1941 5096 2297 5156 Dyrrachium,
2343 5095 2563 5157 indeque
2600 5096 2786 5143 directo
2821 5095 3043 5143 Iohanne
3081 5093 3382 5156 Calabriam,
3436 5097 3545 5156 ipse
3581 5109 3670 5157 per
3705 5095 3835 5143 Sici·

584 5185 699 5231 liam
737 5184 938 5232 Romam
974 5185 1196 5246 perrexit
1236 5219 1246 5230 .
1280 5221 1290 5232 .
1326 5219 1338 5231 .
1382 5195 1631 5230 murorum
1669 5189 1861 5243 partem
1899 5187 2162 5244 restaurat,
2205 5183 2546 5242 venienteque
2571 5181 2732 5228 Totila
2768 5181 2827 5228 ad
2865 5195 3081 5244 pugnam
3118 5183 3309 5229 resistit
3350 5181 3677 5230 continuator
3704 5180 3836 5228 Mar-

585 5271 749 5318 caum·
783 5286 834 5318 a.
874 5272 993 5318 547.
1135 5245 1154 5260 ‘

756 5355 807 5416 2)
847 5356 909 5403 de
947 5356 1116 5402 Africa
1160 5356 1331 5416 neptis
1378 5355 1693 5416 imperatoris
1728 5356 1995 5402 revertitur
2032 5355 2179 5401 vidua
2214 5355 2373 5401 occiso
2411 5352 2689 5401 Ariobinda
2730 5368 2759 5400 a
2794 5352 3075 5401 Gunthario
3116 5355 3225 5414 (scr.
3269 5353 3559 5412 Guntharic)
3604 5359 3831 5414 tyranno,

587 5443 673 5502 qni
710 5456 822 5489 cum
859 5442 1028 5490 Stotza
1062 5443 1261 5489 iuniore
1297 5448 1514 5488 tractans
1550 5455 1666 5489 eum
1702 5441 1966 5489 occiderat.
2038 5441 2126 5488 sed
2164 5442 2438 5489 Artabanes
2476 5447 2714 5501 utrosque
2751 5441 3130 5500 comprehensos
3168 5440 3503 5488 Guntbarium
3548 5441 3658 5500 (scr.
3694 5440 3838 5487 Gun-

587 5529 850 5592 tbaricum)
891 5529 1092 5591 occidit,
1144 5528 1415 5577 Iohannem
1465 5528 1597 5576 idem
1636 5528 1854 5576 Stotzam
1889 5529 2131 5576 iuniorem
2184 5529 2403 5574 vinctum
2451 5528 2750 5574 transmittit
2784 5526 2842 5573 ad
2880 5527 3153 5587 principem
3200 5524 3524 5573 Continuator
3563 5524 3839 5573 Marcellini

587 5630 638 5663 a.
677 5618 797 5665 5⁴7.

758 5701 807 5762 3)
849 5705 963 5763 post
1007 5700 1286 5762 aliquantos
1322 5699 1431 5747 dies
1468 5701 1688 5748 mittitur
1724 5701 1777 5747 in
1814 5701 2033 5748 Africam
2069 5700 2317 5747 Iohannes
2354 5706 2405 5747 et
2443 5691 2727 5747 Artabanus
2764 5704 2995 5746 evocatus
3031 5698 3339 5759 praesentale
3377 5697 3571 5757 accepit
3606 5698 3838 5756 magiste-

589 5788 718 5836 rium
759 5788 1083 5835 Continuator
1120 5785 1395 5834 Marcellini
1430 5788 1467 5835 l.
1507 5802 1550 5836 c.

3346 5884 3420 5932 7*
