4882 6775
424 1605 479 1644 to

421 2119 479 2161 15

417 2634 480 2676 20

2001 463 2174 521 GETl
2182 463 2299 521 CA.
3697 474 3732 533 7
3742 476 3778 533 5

520 674 672 718 vero
716 660 972 735 gentem
1018 651 1357 737 capillatos
1403 652 1615 718 dicere
1658 653 1877 735 iussit,
1932 654 2101 737 quod
2146 675 2375 720 nomen
2415 655 2608 721 Gothi
2653 675 2766 741 pro
2812 677 3046 740 magno
3091 657 3516 742 suscipientes
3562 658 3773 723 adbuc
3820 658 3916 722 XI

519 754 665 821 odie
714 755 848 820 suis
894 756 1296 821 cantionibus
1342 755 1845 841 reminiscent¹).

692 857 1059 924 Decedente
1117 879 1266 923 vero
1312 858 1579 923 Dicineo
1639 879 1805 944 pene
1865 860 2003 944 pari
2063 862 2477 927 veneratione
2537 861 2899 927 habuerunt
2945 863 3380 945 Comosicum,
3447 862 3599 947 quia
3654 884 3773 929 nec
3821 866 3902 928 73

521 962 705 1046 inpar
763 968 901 1027 erat
958 962 1305 1027 sollertiae.
1402 961 1506 1027 hic
1552 962 1788 1027 etenim
1836 970 1901 1028 et
1944 984 2056 1028 rex
2100 962 2234 1028 illis
2279 970 2343 1029 et
2386 964 2671 1048 pontifex
2719 966 2801 1030 ob
2846 985 3027 1030 suam
3072 964 3369 1050 peritiam
3415 966 3775 1031 habebatur

521 1073 587 1130 et
625 1065 693 1129 in
739 1084 988 1130 summa
1029 1064 1288 1130 iustitia.
1321 1065 1591 1150 populos
1634 1065 1986 1131 iudicabat.
2081 1074 2143 1131 et
2190 1066 2308 1131 hoc
2342 1068 2545 1132 ,rebus
2590 1067 2939 1135 excedente
2985 1068 3282 1133 humanis
3315 1068 3612 1153 Coryllus
3658 1089 3768 1135 rex
3813 1069 3944 1134 XII

521 1168 871 1234 Gothorum
913 1168 981 1232 in
1016 1188 1213 1252 regno
1245 1167 1618 1233 conscendit
1645 1176 1709 1233 et
1738 1189 1855 1253 per
1882 1168 2313 1252 quadraginta
2343 1189 2546 1236 annos
2577 1171 2642 1235 in
2674 1171 2879 1236 Dacia
2910 1170 3045 1237 suis
3076 1171 3376 1254 gentibus
3405 1170 3764 1258 imperavit.

520 1272 789 1336 Daciam
835 1271 977 1336 dico
1022 1272 1374 1353 antiquam,
1427 1292 1619 1355 quam
1664 1291 1833 1336 nunc
1864 1272 2256 1356 Gepidarum
2300 1272 2521 1358 populi
2552 1273 2882 1359 possidere
2912 1280 3279 1341 noscuntur.
3359 1294 3524 1358 quae
3561 1275 3772 1359 patria
3820 1278 3899 1337 74

517 1375 586 1439 in
631 1382 975 1458 conspectu
1005 1374 1286 1441 Moesiae
1333 1374 1456 1439 sita
1501 1381 1678 1439 trans
1710 1374 2075 1439 Danubium
2107 1395 2338 1440 corona
2368 1376 2675 1441 montium
2707 1377 3005 1460 cingitur,
3059 1377 3219 1442 duos
3250 1384 3497 1443 tantum
3527 1378 3775 1444 habens

519 1497 843 1561 accessuS,
896 1498 1091 1542 unum
1137 1498 1254 1562 per
1282 1478 1541 1559 Boutas,
1594 1478 1865 1543 alterum
1903 1498 2017 1563 per
2044 1479 2284 1564 Tapas.
2363 1480 2526 1545 haec
2558 1479 2767 1563 Gotia,
2821 1501 3012 1563 quam
3043 1480 3312 1545 Daciam
3358 1481 3774 1564 appellavere

518 1582 814 1662 maiores,
867 1601 1032 1665 quae
1077 1601 1265 1663 nunc,
1318 1588 1388 1645 ut
1432 1580 1733 1661 diximus,
1788 1581 2067 1665 Gepidia
2112 1582 2364 1666 dicitur,
2416 1590 2570 1648 tunc
2608 1583 2690 1647 ab
2730 1583 2973 1648 oriente
3005 1581 3374 1664 Aroxolani,
3431 1585 3513 1649 ab
3546 1603 3776 1648 occasu

518 1685 813 1770 IazygeS,
867 1705 907 1749 a
953 1682 1381 1767 septentrione
1415 1673 1746 1749 Sarmatae
1794 1691 1858 1749 et
1887 1684 2259 1767 Basternae,
2313 1706 2354 1749 a
2396 1685 2705 1751 meridiae
2750 1685 2960 1752 amnis
2990 1685 3273 1751 Danubii
3316 1685 3764 1752 terminabant.

517 1809 666 1853 nam
711 1789 986 1872 Iazyges
1031 1787 1114 1851 ab
1161 1786 1541 1851 Aroxolanis
1586 1787 1783 1851 Aluta
1825 1794 2070 1852 tantum
2116 1786 2310 1853 fluvio
2356 1796 2799 1872 segregantur.
2895 1796 2960 1854 et
3002 1789 3152 1873 quia
3195 1788 3480 1854 Danubii
3530 1788 3768 1854 mentio
3816 1794 3897 1852 75

519 1891 690 1955 facta
735 1897 863 1970 est,
932 1910 1059 1954 non
1118 1891 1200 1955 ab
1260 1910 1328 1954 re
1388 1890 1599 1955 iudico
1659 1910 1865 1974 pauca
1926 1890 2006 1955 de
2054 1891 2171 1955 tali
2215 1911 2403 1956 amne
2451 1892 2714 1976 egregio
2758 1892 3067 1958 indicare.
3162 1913 3310 1957 nam
3356 1892 3459 1956 hic
3504 1892 3570 1958 in
3613 1893 3774 1957 Ala-

517 1994 831 2063 mannicis
877 1993 1049 2057 arvis
1096 1992 1389 2059 exoriens
1435 1993 1777 2076 sexaginta
1821 2014 1862 2058 a
1907 1994 2077 2059 fonte
2125 2013 2241 2059 suo
2287 2013 2491 2076 usque
2536 1995 2622 2059 ad
2666 1995 2831 2061 ostia
2873 1994 2940 2059 in
2985 1996 3187 2061 Ponto
3248 1995 3603 2079 mergentia
3658 2016 3775 2080 per

518 2097 696 2162 mille
744 2096 1156 2162 ducentorum
1202 2116 1507 2181 passuum
1554 2095 1734 2160 milia
1777 2096 2104 2162 hincinde
2136 2097 2494 2183 suscipiens
2523 2091 2841 2179 flumina2}
2899 2098 2965 2162 in
2995 2098 3251 2163 modum
3284 2099 3531 2182 spinae,
3583 2117 3771 2181 quem

519 2207 727 2265 costas
772 2206 843 2264 ut
887 2206 1122 2264 cratem
1168 2199 1497 2281 intexunt,
1566 2198 1819 2264 omnino
1881 2199 2319 2283 amplissimus
2372 2206 2493 2264 est.
2587 2200 2699 2282 qui
2743 2200 2966 2283 lingua
3012 2202 3353 2266 Bessorum
3399 2201 3618 2267 Hister
3661 2221 3774 2265 vo-
3858 2226 3879 2229 2

520 2309 732 2385 catur,
802 2302 1091 2368 ducentis
1152 2307 1400 2366 tantum
1457 2301 1734 2387 pedibus
1794 2302 1861 2367 in
1921 2303 2120 2367 altum
2167 2322 2400 2385 aquam
2446 2302 2511 2367 in
2557 2303 2744 2368 alveo
2788 2304 2986 2370 habet
3028 2304 3434 2389 profundam.
3529 2304 3634 2370 hic
3679 2312 3775 2369 et-

519 2406 689 2473 enim
751 2405 958 2469 amnis
1017 2405 1182 2470 inter
1242 2412 1455 2471 cetera
1507 2404 1772 2470 flumina
1815 2406 1882 2470 in
1928 2426 2231 2488 magnum
2278 2426 2499 2471 omnes
2548 2426 2860 2491 superans
2905 2414 3160 2492 praeter
3203 2408 3423 2472 Nilum
3446 2409 3520 2491 ³).
3616 2407 3776 2473 haec

519 2510 600 2575 de
645 2508 943 2573 Danubio
989 2507 1235 2573 dixisse
1284 2507 1583 2573 sufficiat.
1677 2509 1760 2574 ad
1807 2509 2196 2594 propositum
2243 2529 2427 2590 vero,
2483 2508 2651 2574 unde
2696 2529 2812 2575 nos
2860 2510 3299 2594 digressimus,
3351 2511 3614 2577 iubante
3660 2511 3775 2576 do-

520 2612 691 2677 mino
735 2611 1095 2676 redeamus.

523 2839 1040 2847 ——-..——
1071 2838 1341 2845 ——-——-

692 2994 743 3039 H
765 2992 810 3039 P
841 2994 880 3039 V
904 2991 947 3038 L
972 2995 1016 3039 A
1047 2991 1088 3038 O
1114 2992 1158 3039 Β
1183 2993 1226 3038 Χ
1257 2991 1324 3047 (Y
1346 2992 1427 3049 Ζ).
1509 2990 1769 3050 Frecull'us
1805 2993 1840 3038 l.
1883 3006 1925 3040 c.
1978 2992 2055 3047 [ad
2091 2992 2122 3039 4
2162 2993 2476 3045 habebatur).

697 3147 717 3195 1
761 3142 1039 3212 capillatos]
1076 3142 1395 3207 AO(2)BXY,
1438 3147 1701 3208 capillutos
1741 3145 1899 3207 HPL,
1938 3147 2211 3208 capillutus
2255 3145 2382 3207 04¹„
2425 3147 2672 3207 capillitos
2715 3148 2753 3192 V
2986 3148 3141 3196 achuc
3183 3147 3287 3209 O(¹)
3574 3147 3603 3197 2
3640 3145 3778 3214 odie]

523 3234 682 3294 HPV,
721 3234 867 3281 hodie
902 3234 992 3281 rel.
1215 3227 1570 3297 reminiscent]
1605 3232 1808 3293 HPVL,
1852 3233 2185 3280 remeniscent
2227 3229 2354 3293 O(2),
2397 3235 2788 3282 reminiscentur
2825 3235 2934 3295 XZ,
2974 3236 3371 3283 reminiscuntur
3414 3233 3632 3296 0(¹)BY,
3674 3236 3774 3283 fre·

519 3326 768 3381 quentant
805 3321 843 3364 A
1117 3316 1146 3364 3
1186 3313 1327 3383 uero]
1364 3331 1416 3365 ro
1457 3316 1500 3364 Ο
1743 3314 1966 3384 dicineo]
2003 3318 2391 3379 HPVLAXYZ,
2434 3319 2640 3367 diceneo
2684 3319 2774 3366 OB
3013 3316 3149 3385 pari]
3183 3321 3314 3382 patri
3348 3320 3457 3381 ΗΡ,
3498 3322 3626 3383 parii
3664 3321 3708 3367 Β

519 3408 863 3454 commosicum
901 3404 1058 3465 AOB,
1102 3418 1409 3453 comosacum
1449 3405 1586 3452 ΧΥΖ
1864 3405 1896 3454 4
1931 3408 2079 3467 inpar
2114 3412 2218 3452 erat
2256 3400 2530 3472 sollertiae]
2567 3404 2773 3468 HPVL,
2822 3408 3075 3468 inpererat
3110 3407 3328 3455 sollertia
3369 3407 3428 3466 0,
3475 3409 3638 3470 impar
3672 3414 3775 3456 erat

518 3492 736 3540 sollertia
773 3491 837 3551 Β,
877 3493 1086 3553 imparis
1124 3499 1229 3538 erat
1266 3491 1522 3540 sollertiae
1559 3491 1747 3538 AXYZ
1955 3493 2168 3553 pertiam
2206 3491 2348 3538 HPV
2592 3493 2621 3540 5
2661 3489 2877 3558 summa]
2915 3506 3003 3540 sua
3046 3492 3134 3540 OB
3341 3490 3455 3559 hoc]
3490 3495 3625 3541 hunc
3663 3496 3707 3540 A

519 3579 786 3626 excidente
825 3577 868 3625 Ο
1076 3573 1311 3643 coryllus]
1347 3578 1505 3639 HPV,
1545 3579 1745 3626 corillus
1780 3577 1984 3639 LOXY,
2027 3577 2262 3625 chorillus
2300 3580 2362 3637 A,
2402 3580 2628 3626 corillius
2668 3578 2742 3624 B:
2781 3579 3027 3637 Scoryllus
3063 3578 3346 3628 Guuehmtd
3376 3594 3429 3639 p.
3462 3582 3558 3627 lu
3597 3581 3776 3628 collato

523 3666 759 3712 Frontino
796 3667 937 3710 strat.
980 3667 1030 3724 1,
1072 3665 1157 3724 10,
1197 3666 1260 3710 t:
1319 3663 1512 3722 Scorylo
1549 3664 1652 3710 dux
1690 3666 1932 3712 Dacorum
2210 3662 2240 3711 6
2277 3665 2328 3710 in
2368 3678 2576 3724 regnum
2617 3678 2779 3712 conse.
2838 3663 3047 3727 ΟΒΧῩ,
3108 3679 3268 3714 conse.
3310 3667 3365 3713 in
3404 3679 3609 3726 regnum
3661 3667 3705 3712 A

519 3748 595 3817 et]
631 3757 689 3798 ut
724 3750 779 3796 Η
1009 3748 1035 3796 7
1075 3749 1206 3797 dicia
1248 3749 1291 3795 Ο
1516 3757 1782 3811 antequam
1825 3750 1876 3795 H
2096 3751 2357 3811 possedere
2393 3749 2479 3796 VO
2688 3765 2836 3812 quam
2875 3752 3084 3811 patriam
3124 3753 3170 3798 X
3181 3751 3219 3797 Y
3442 3750 3471 3800 8
3510 3754 3563 3800 in
3600 3766 3771 3814 consp.

521 3837 736 3885 maesiae
774 3836 839 3896 A,
877 3837 935 3883 in
974 3843 1297 3898 conspectum
1343 3837 1629 3897 (conspectu
1667 3835 1727 3896 B)
1771 3838 1904 3883 asiae
1948 3835 2036 3882 OB
2246 3839 2340 3883 sita
2378 3852 2476 3885 om.
2508 3837 2554 3883 X
2564 3836 2602 3883 Y
2850 3851 3074 3884 coronam
3114 3837 3153 3883 V
3380 3835 3648 3905 montium]
3684 3840 3774 3886 ho·

520 3924 673 3971 stium
717 3922 805 3969 OB
1012 3923 1226 3970 cincitur
1262 3924 1325 3982 A,
1366 3924 1532 3982 cingit
1567 3922 1703 3968 XYZ
1912 3921 1943 3971 9
1982 3924 2118 3969 tabas
2161 3921 2264 3984 OB,
2309 3937 2454 3984 zapas
2492 3925 2536 3969 A
2745 3922 2865 3971 haec
2900 3925 3083 3983 gotiam
3119 3937 3167 3984 q.
3208 3924 3256 3973 d.
3290 3925 3351 3986 A,
3393 3925 3521 3972 hanc
3555 3925 3772 3984 gothiam

518 4023 666 4069 quam
704 4010 888 4056 datiam
926 4008 985 4068 Β,
1029 4008 1150 4056 haec
1188 4008 1327 4056 dacia
1363 4023 1510 4069 quam
1548 4008 1767 4068 gothiam
1807 4008 1901 4055 ΧΥ
2132 4008 2193 4056 10
2231 4009 2440 4056 malores
2484 4008 2544 4067 Ο,
2586 4011 2818 4057 maiorem
2856 4010 2902 4056 A
3131 4010 3313 4071 gepida
3353 4011 3442 4058 ΟΒ
3665 4025 3774 4060 aro-

518 4095 683 4143 zolani
719 4095 826 4156 ΧΥ,
869 4096 1124 4143 arexolani
1162 4096 1206 4141 A
1443 4093 1498 4142 11
1541 4091 1762 4160 iazyges]
1796 4094 1910 4156 ΗΡ,
1950 4096 2135 4154 iaziges
2168 4094 2458 4156 VLMKYZ,
2502 4097 2658 4154 iaytes
2701 4094 2760 4154 Ο,
2803 4097 3064 4144 tamazites
3099 4095 3144 4143 Β
3351 4100 3627 4159 septentrio
3664 4097 3709 4144 P

518 4183 724 4229 bastene
767 4180 855 4227 OB
1119 4183 1281 4229 omnis
1321 4179 1394 4227 A⁰
1661 4177 2020 4246 terminabant]
2061 4180 2351 4242 PVLOXY‚
2393 4182 2692 4228 terminabat
2728 4182 2789 4241 Β,
2834 4183 3106 4229 terminant
3140 4183 3207 4242 H,
3247 4185 3541 4231 terminabis
3587 4186 3684 4246 (sic)
3730 4186 3772 4230 A

524 4267 584 4316 12
622 4281 734 4314 nam
773 4269 961 4326 iaziges
999 4267 1156 4329 ΧΥΖ,
1197 4281 1490 4326 namazyges
1528 4268 1596 4328 Η,
1636 4269 1919 4326 namaziges
1958 4266 2155 4328 PVLA,
2200 4269 2458 4316 tamazites
2502 4267 2620 4314 OB:
2660 4267 2863 4326 fortasse
2897 4270 2999 4330 suit
3034 4271 3133 4315 iam
3172 4270 3373 4329 Iazyges
3603 4283 3776 4318 oroxo-

517 4352 645 4400 lanis
689 4352 747 4410 Ο,
802 4354 1067 4401 arosolanis
1105 4355 1146 4398 A
1356 4353 1493 4400 aluta
1528 4359 1723 4400 tantum
1763 4350 1943 4419 fluuio]
1980 4353 2215 4401 HPVLA
2232 4354 2280 4411 Υ,
2323 4355 2624 4402 alutantium
2662 4356 2711 4402 fl.
2756 4352 2855 4414 X⁰‚
2898 4355 3179 4401 alutantum
3216 4355 3265 4403 ss.
3310 4342 3406 4415 Kb,
3449 4356 3598 4404 aluno
3634 4364 3773 4405 tanto

519 4440 674 4487 fluuio
703 4438 761 4501 Ο,
803 4439 944 4487 alueo
969 4444 1169 4485 tantum
1195 4441 1346 4486 fluuii
1374 4439 1416 4485 Β
1628 4437 1690 4487 13
1728 4453 1874 4487 amne
1899 4434 2119 4504 egregio]
2156 4441 2306 4486 ainne
2342 4452 2398 4486 ac
2434 4442 2566 4498 regio
2597 4439 2657 4500 Ο,
2697 4454 2842 4487 amne
2879 4442 3076 4500 egregia
3101 4440 3144 4487 B
3351 4443 3405 4488 in
3442 4455 3537 4492 om.
3572 4444 3703 4490 ΧΥΖ

517 4526 814 4574 almannicis
848 4525 908 4586 B,
953 4526 1054 4572 alia
1090 4527 1336 4572 mannicis
1380 4525 1438 4583 O,
1479 4525 1796 4585 alamagnicis
1835 4528 1898 4584 A,
1939 4525 2268 4573 alemannicis
2308 4527 2357 4573 X
2596 4526 2657 4574 14
2696 4523 2979 4593 sexaginta]
3015 4528 3340 4587 quadraginta
3376 4529 3423 4575 Χ
3436 4528 3514 4576 ΥΖ
3722 4526 3773 4595 a]

516 4612 670 4660 habet
705 4627 733 4659 a
772 4611 817 4657 Β
1040 4613 1177 4659 fonte
1214 4608 1328 4677 suo]
1365 4613 1529 4659 fontes
1567 4625 1687 4660 uero
1729 4610 1771 4658 Ο
1996 4607 2180 4677 usque]
2217 4613 2426 4660 flumina
2461 4626 2621 4673 usque
2659 4613 2703 4659 Β
2922 4620 3129 4674 pontum
3165 4613 3306 4660 AOB
3512 4618 3773 4675 uergentia

519 4698 610 4744 ΒΧ
622 4698 660 4744 Υ
935 4695 996 4745 15
1035 4697 1388 4745 duocentorum
1427 4696 1518 4743 ΡΟ
1795 4699 1940 4746 milia
1976 4711 2073 4745 om.
2108 4699 2150 4743 A
2429 4699 2512 4746 hic
2550 4698 2596 4745 Β
2871 4695 3044 4765 quem]
3079 4698 3380 4761 HPVXYZ,
3422 4714 3550 4762 quae
3586 4700 3773 4749 LAOB

520 4782 582 4831 16
620 4792 783 4831 costae
820 4782 1005 4829 AXYZ
1231 4779 1311 4848 ut]
1347 4785 1400 4831 in
1445 4782 1487 4830 Ο
1712 4779 1922 4848 cratem]
1960 4783 2160 4844 ΑΒΧΥ,
2203 4790 2391 4844 gratem
2428 4782 2670 4832 HPVLO
2876 4780 2988 4850 qui]
3023 4786 3193 4846 quiuis
3237 4785 3279 4832 Ο
3486 4782 3682 4852 lingua]
3719 4789 3773 4835 in

516 4871 692 4929 lingua
717 4869 762 4916 Β
975 4869 1033 4918 17
1074 4870 1336 4917 duocentis
1362 4868 1497 4917 PLO
1703 4872 1758 4918 in
1796 4866 1928 4935 alu.]
1963 4870 2065 4919 alu.
2108 4869 2151 4916 Β
2359 4869 2507 4918 habet
2543 4884 2640 4918 om.
2671 4870 2807 4918 XYZ
3015 4868 3336 4938 profundam]
3370 4871 3561 4919 AOBX
3572 4874 3623 4935 Y,
3661 4887 3774 4935 pro·

517 4955 732 5004 fundum
761 4955 949 5002 HPVL
1162 4955 1222 5003 18
1262 4958 1316 5003 in
1342 4951 1601 5021 magnum]
1636 4957 1690 5003 in
1716 4970 1893 5016 magno
1923 4957 2016 5003 AX
2028 4956 2123 5016 YZ,
2165 4958 2400 5004 immanis
2427 4957 2473 5003 Β
2681 4970 2854 5004 omnes
2880 4964 3083 5017 superat
3106 4957 3261 5019 LBX,
3301 4964 3506 5018 superat
3530 4973 3701 5007 omnes
3728 4961 3772 5007 A

517 5041 578 5089 de
615 5042 832 5090 danubio
870 5041 989 5089 haec
1027 5043 1073 5089 A
1319 5041 1380 5089 19
1419 5056 1509 5089 nos
1546 5055 1641 5091 om.
1680 5044 1724 5089 A
1970 5039 2316 5108 digressimus]
2354 5041 2512 5102 HPV,
2557 5042 2766 5102 digressi
2806 5057 2979 5090 sumus
3017 5043 3256 5091 LAOBX
3269 5043 3308 5090 Y
3542 5042 3774 5111 iubante]

518 5127 672 5188 31²1„
713 5129 924 5176 iuuante
959 5126 1050 5188 V·‚
1094 5129 1303 5175 iuuante
1339 5115 1614 5180 Vbaxrz.
1658 5129 1932 5176 adiuuante
1976 5127 2064 5175 OB

695 5419 741 5482 1)
783 5419 850 5479 cf.
900 5418 1234 5468 Cassiodorius
1269 5436 1376 5470 var.
1419 5427 1468 5481 4,
1511 5424 1610 5468 49ι
1668 5422 1921 5470 universis
1957 5420 2348 5484 provincialibus
2386 5427 2437 5468 et
2475 5421 2751 5482 capillatis,
2806 5420 3157 5468 defensoribus
3195 5428 3244 5469 et
3281 5421 3554 5469 curialibus
3593 5418 3774 5469 Suavia

514 5507 906 5555 consistentibus
943 5505 1275 5555 Theodericus
1313 5520 1418 5553 rex.
3346 5487 3352 5493 ⁶

689 5589 736 5652 2)
778 5591 846 5650 cs.
890 5592 1186 5639 Ammianus
1223 5592 1305 5651 22,
1346 5595 1397 5651 8,
1442 5598 1541 5642 u:
1581 5593 1845 5640 Danuvius
1885 5628 1898 5642 .
1931 5628 1945 5642 .
1976 5628 1989 5641 .
2032 5594 2292 5652 sexaginta
2330 5592 2640 5652 navigabiles
2677 5605 2836 5652 paene
2873 5594 3124 5653 recipiens
3160 5593 3356 5640 fluvios,

689 5676 737 5739 3)
783 5676 914 5724 Mela
951 5681 999 5737 2,
1048 5681 1092 5738 1,
1131 5681 1198 5727 8.·
1248 5678 1419 5725 Hister
1456 5712 1470 5726 .
1501 5713 1514 5726 .
1548 5713 1562 5727 .
1602 5680 1779 5737 ingena
1827 5681 1923 5725 iam
1963 5684 2014 5726 et
2049 5692 2217 5727 eorum
2255 5681 2340 5740 qui
2378 5680 2430 5725 in
2472 5684 2694 5725 nostrum
2734 5691 2867 5726 mare
2906 5677 3145 5725 decidunt
3182 5683 3383 5725 tantum
3421 5677 3534 5725 Nilo
3571 5679 3768 5725 minor:

515 5763 584 5822 cf.
627 5762 893 5811 Sallustius
928 5762 1065 5823 apud
1103 5761 1320 5810 Gellium
1363 5768 1443 5814 10.
1489 5767 1532 5811 7.
1581 5768 1623 5811 1.

3251 5865 3355 5913 10*
