4882 6775
787 663 951 728 XIII
997 665 1078 727 76

1005 1284 1080 1344 77

1005 1592 1082 1654 78

803 2208 961 2273 XIV
1008 2211 1089 2273 79

1127 478 1206 539 76
1817 520 1820 525 ,
2568 466 2926 524 ronnAms

1301 663 1591 745 Longum
1638 658 1914 744 namq‘ue
1959 668 2102 745 post
2148 660 2556 725 intervallum
2589 659 2952 724 Domitiano
2988 658 3375 743 imperatore
3406 665 3714 741 regnante
3747 657 4015 739 eiusque
4048 657 4385 722 avaritiam

1131 772 1490 831 metuentes
1535 764 1789 847 foedus,
1843 766 2015 848 quod
2061 763 2303 828 dudum
2350 783 2493 827 cum
2540 761 2689 826 aliis
2733 761 3128 847 principibus
3174 761 3593 846 pepigerant,
3648 759 3840 825 Gothi
3886 762 4247 841 solventes,
4301 762 4389 826 ri-

1131 890 1279 954 pam
1329 868 1614 933 Danubii
1671 868 1801 933 iam
1862 868 2050 951 longe
2112 885 2478 952 possessam
2541 867 2623 931 ab
2680 865 2947 950 imperio
2992 866 3280 929 Romano
3341 864 3572 929 deletis
3618 862 3931 929 militibus
3977 884 4117 928 cum
4166 884 4384 929 eorum

1129 972 1400 1037 ducibus
1460 978 1900 1036 vastaverunt.
1996 969 2098 1034 cui
2158 968 2527 1054 provinciae
2588 974 2740 1033 tunc
2801 975 2945 1051 post
3003 968 3356 1052 Agrippam
3417 965 3665 1052 Oppius
3725 974 4023 1050 praeerat
4082 967 4380 1049 Savinus,

1129 1075 1356 1140 Gothis
1402 1080 1616 1138 autem
1663 1073 2043 1157 Dorpanens
2090 1072 2513 1157 principatum
2561 1072 2819 1154 agebat,
2873 1071 3130 1154 quando
3175 1072 3347 1136 bello
3394 1069 3731 1135 commisso
3779 1069 3995 1154 Gothi,
4069 1072 4387 1136 Romanos
4429 1092 4454 1131 5

1129 1178 1438 1257 devictos,
1494 1176 1688 1260 Oppii
1736 1175 1957 1239 Savini
2005 1183 2196 1260 caput
2242 1174 2590 1257 abscisum,
2646 1174 2851 1238 multa
2894 1174 3164 1239 castella
3210 1180 3273 1238 et
3319 1173 3612 1238 civitates
3655 1173 4037 1238 invadentes
4082 1173 4162 1240 de
4206 1182 4388 1259 parte

1135 1279 1538 1365 imperatoris
1583 1278 1838 1363 publice
1887 1277 2382 1363 depraedarunt.
2480 1297 2607 1359 qua
2652 1276 3037 1342 necessitate
3083 1296 3339 1342 suorum
3388 1276 3795 1342 Domitianus
3852 1296 3993 1342 cum
4040 1276 4212 1341 omni
4258 1277 4384 1341 vir—

1129 1391 1263 1447 tute
1311 1402 1429 1447 sua
1459 1380 1791 1465 Illyricum
1835 1381 2204 1466 properavit
2248 1388 2313 1446 et
2357 1380 2553 1446 totius
2597 1400 2763 1465 pene
2812 1380 2902 1445 rei
2950 1379 3249 1464 publicae
3297 1379 3608 1453 militibus
3655 1379 3915 1444 ductore
3947 1380 4154 1445 Fusco
4199 1400 4389 1464 prae-

1129 1487 1260 1550 lato
1321 1504 1462 1550 cum
1522 1482 1892 1549 lectissimis
1951 1482 2106 1548 viris
2168 1504 2422 1548 amnem
2469 1483 2754 1547 Danubii
2815 1481 3126 1547 consertis
3184 1482 3459 1546 navibus
3519 1480 3604 1545 ad
3664 1481 3868 1548 instar
3923 1482 4134 1566 pontis
4179 1489 4390 1547 trans-

1132 1608 1349 1654 meare
1407 1587 1620 1670 coegit
1665 1607 1857 1671 super
1902 1586 2253 1652 exercitum
2298 1586 2648 1670 Dorpanei.
2744 1592 2875 1650 tum
2925 1585 3118 1651 Gothi
3162 1585 3321 1650 haut
3367 1604 3601 1668 segnes
3648 1584 3883 1669 reperti
3928 1606 4109 1650 arma
4155 1604 4388 1670 capes-
4435 1608 4485 1647 ιο

1132 1697 1280 1756 sunt
1337 1690 1670 1775 primoque
1731 1689 2027 1755 conflictu
2073 1709 2223 1754 mox
2269 1691 2594 1754 Romanos
2640 1689 3012 1769 devincunt,
3081 1689 3416 1770 Fuscoque
3464 1688 3627 1753 duce
3674 1688 3952 1754 extincto
4000 1688 4258 1753 divitias
4307 1688 4388 1753 de

1132 1793 1360 1859 castris
1406 1793 1679 1858 militum
1729 1793 2009 1877 spoliant
2052 1812 2415 1875 magnaque
2462 1792 2645 1876 potiti
2690 1811 2806 1877 per
2849 1792 2989 1856 loca
3035 1790 3305 1855 victoria
3349 1791 3479 1855 iam
3525 1810 3820 1874 proceres
3866 1810 4054 1871 suos,
4123 1811 4388 1874 quorum

1130 1895 1314 1979 quasi
1375 1895 1630 1960 fortuna
1688 1896 2064 1977 vincebant,
2133 1917 2260 1960 non
2320 1915 2513 1980 puros
2559 1895 2889 1975 homines,
2954 1894 3073 1962 sed
3118 1894 3436 1959 semideos
3479 1893 3547 1958 id
3592 1900 3691 1959 est
3733 1894 3929 1959 Ansis
3973 1901 4383 1959 vocaverunt.

1130 2017 1394 2080 quorum
1455 1997 1846 2081 genealogia
1906 2005 1977 2063 ut
2034 1998 2258 2083 paucis
2318 2018 2684 2081 percurram
2746 1998 2851 2063 vel
2911 1997 3054 2079 quis
3116 2016 3238 2078 quo
3302 2004 3569 2082 parente
3614 1996 3874 2079 genitus
3919 2004 4019 2063 est
4062 2004 4173 2062 aut
4218 1997 4389 2062 unde

1131 2100 1308 2182 origo
1355 2107 1605 2184 coepta,
1659 2100 1768 2165 ubi
1815 2100 2007 2165 finem
2056 2101 2290 2184 effecit,
2346 2102 2590 2184 absque
2637 2101 2902 2182 invidia,
2956 2101 3066 2183 qui
3112 2101 3301 2184 legis,
3356 2120 3510 2165 vera
3556 2099 3874 2165 dicentem
3919 2100 4234 2165 ausculta.
4437 2125 4487 2165 ιι

1307 2204 1544 2269 Horum
1593 2223 1744 2287 ergo
1788 2204 2052 2269 heroum
2079 2208 2145 2289 ¹),
2200 2212 2270 2270 ut
2313 2205 2438 2289 ipsi
2485 2204 2620 2269 suis
2648 2205 2732 2269 -in
2778 2204 3016 2269 fabulis
3061 2204 3365 2285 referunt,
3419 2203 3666 2288 primus
3713 2202 3834 2268 fuit
3872 2202 4064 2287 Gapt,
4119 2204 4227 2286 qui
4272 2224 4391 2288 ge-

1132 2305 1271 2370 nuit
1300 2306 1589 2371 Hulmul.
1668 2306 1933 2371 Hulmul
1968 2328 2120 2373 vero
2153 2308 2377 2391 genuit
2404 2308 2645 2390 Augis:
2701 2314 2768 2372 at
2797 2307 3001 2390 Augis
3047 2307 3271 2389 genuit
3316 2327 3482 2388 eum,
3537 2306 3645 2388 qui
3692 2305 3901 2371 dietus
3949 2312 4047 2371 est
4087 2307 4298 2389 Amal,
4352 2327 4393 2371 a

1132 2429 1254 2491 quo
1317 2415 1382 2474 et
1440 2410 1615 2493 origo
1661 2409 2032 2475 Amalorum
2091 2410 2398 2476 decurrit:
2471 2410 2580 2492 qui
2624 2411 2814 2475 Amal
2872 2409 3098 2492 genuit
3154 2409 3467 2474 Hisarna:
3536 2408 3834 2473 Hisarnis
3893 2416 4109 2474 autem
4171 2409 4396 2493 genuit

1304 2688 1356 2733 H
1379 2687 1423 2734 P
1452 2687 1492 2734 V
1515 2688 1555 2734 L
1582 2690 1623 2733 A
1650 2686 1688 2733 S
1719 2687 1758 2741 (1
1794 2688 2018 2747 Longum
2043 2714 2114 2723 -
2137 2688 2168 2735 4
2195 2693 2543 2747 vastaverunt3
2588 2691 2700 2734 item
2724 2703 2753 2734 a
2784 2687 2845 2735 16
2873 2688 3077 2744 Horum)
3116 2685 3158 2733 O
3192 2686 3290 2747 (ubi
3321 2686 3379 2735 15
3406 2688 3495 2748 qui
3520 2687 3648 2744 legis
3681 2713 3752 2722 —
3784 2701 3834 2746 p.
3871 2686 3951 2748 77,
3983 2685 4011 2733 3
4040 2690 4216 2746 genuit
4241 2687 4393 2734 Vala-

1134 2787 1309 2820 ravans
1346 2772 1417 2819 bis
1455 2773 1706 2831 coquntur,
1747 2789 1795 2819 v.
1821 2787 1874 2832 p.
1907 2772 1987 2831 77,
2023 2772 2051 2819 3
2077 2777 2154 2831 π.)
2185 2773 2227 2818 Β
2251 2774 2297 2819 X
2323 2774 2389 2833 (Υ
2415 2773 2497 2832 Ζ).

1311 2926 1328 2974 1
1374 2927 1516 2985 longo
1554 2941 1604 2973 n.
1645 2940 1695 2987 p.
1738 2927 1999 2974 interuallo
2026 2929 2066 2973 A
2278 2929 2400 2987 imp.
2445 2923 2613 2992 regu]
2648 2929 2909 2988 inperante
2939 2928 2983 2972 A
3193 2924 3222 2974 2
3262 2941 3374 2974 cum
3413 2927 3531 2974 aliis
3568 2925 3638 2973 bis
3671 2924 3727 2983 P,
3772 2939 3883 2972 cum
3921 2939 4017 2976 om.
4052 2927 4094 2973 A
4303 2943 4395 2990 pe-

1135 3014 1329 3074 pierant
1367 3012 1453 3069 1²⁰,
1497 3013 1755 3073 pepigerat
1791 3011 1893 3072 30,
1936 3014 2244 3074 pepigerunt
2285 3012 2418 3059 XYZ
2655 3012 2683 3060 3
2723 3007 2891 3076 longe]
2928 3012 3011 3058 din
3055 3012 3099 3057 A
3310 3012 3517 3059 deiectis
3561 3010 3649 3057 OB
3880 3010 3911 3058 4
3949 3014 4194 3074 acrippam
4236 3011 4329 3058 PV

1133 3095 1335 3163 oppius]
1374 3098 1654 3145 HPVLAX
1667 3097 1718 3159 Y,
1759 3099 1968 3159 popeius
2010 3096 2068 3155 O,
2111 3099 2372 3159 pompeius
2411 3097 2456 3143 Β
2665 3093 2896 3162 sauinus]
2932 3096 3138 3158 HPVL,
3179 3098 3382 3144 sabinus
3425 3096 3561 3144 OBX
3577 3097 3622 3158 Y,
3667 3098 3923 3145 sanicinus
3964 3099 4005 3144 A
4233 3098 4262 3145 5
4301 3113 4394 3144 an-

1135 3181 1261 3250 tem]
1296 3186 1430 3233 enim
1469 3185 1514 3231 Χ
1528 3184 1605 3230 ΥΖ
1812 3183 2083 3245 dorpanius
2123 3183 2165 3230 L
2376 3180 2575 3249 agebat]
2611 3185 2811 3241 gerebat
2848 3185 2892 3229 A
3100 3185 3314 3231 romanis
3352 3184 3567 3231 deuictis
3607 3184 3696 3230 AB
3922 3182 3951 3231 6
3989 3179 4152 3249 oppii]
4188 3186 4293 3244 opii
4332 3184 4391 3245 P,

1135 3270 1331 3332 pompei
1371 3269 1415 3316 B
1657 3264 1849 3333 sauini]
1886 3270 1940 3316 H
1950 3269 2048 3330 VL,
2089 3271 2301 3318 sanicini
2340 3269 2447 3329 PA,
2493 3272 2655 3317 sabini
2697 3269 2835 3316 OBX
2845 3269 2882 3315 Υ
3123 3271 3286 3330 capite
3324 3270 3511 3317 absciso
3551 3269 3642 3316 AB
3884 3270 4187 3317 inuadentes
4222 3286 4316 3319 om.
4352 3272 4397 3317 A

1135 3355 1162 3402 7
1203 3351 1324 3422 qua]
1359 3357 1445 3417 qni
1491 3354 1532 3402 O
1763 3368 1961 3404 suorum
2001 3352 2079 3422 d.]
2116 3369 2370 3405 seruorum
2409 3356 2707 3404 domicianos
2751 3354 2794 3402 O
3019 3367 3162 3403 omne
3203 3353 3297 3401 PV
3531 3355 3560 3405 8
3598 3355 3845 3417 plublicae
3889 3354 3930 3402 O
4138 3357 4399 3404 militibus

1134 3455 1229 3491 om.
1272 3440 1360 3487 OB
1569 3440 1804 3490 eductore
1848 3440 1889 3487 O
2096 3443 2342 3504 prelatum
2385 3442 2475 3489 OB
2684 3441 2713 3490 9
2753 3456 2863 3490 cum
2903 3442 3220 3490 electissimis
3260 3441 3370 3503 LO,
3411 3455 3523 3490 cum
3564 3442 3911 3490 aelectissimis
3950 3443 3993 3489 B
4200 3457 4397 3490 amnem

1135 3543 1231 3578 om.
1275 3531 1317 3575 A
1530 3524 1766 3593 danubii]
1802 3528 2079 3576 danubium
2121 3527 2261 3575 AOB
2486 3525 2756 3594 consertis]
2792 3542 2902 3574 cnm
2941 3530 3190 3589 conpertis
3235 3527 3276 3574 O
3503 3529 3558 3575 ad
3597 3530 3761 3576 instar
3796 3524 3988 3594 pontis]
4025 3531 4082 3577 ad
4122 3534 4223 3577 star
4255 3532 4400 3592 ponti

1144 3614 1202 3672 O,
1244 3615 1409 3661 instar
1445 3615 1612 3676 pontis
1651 3616 1695 3660 A
1938 3614 1999 3662 10
2037 3617 2202 3677 coepit
2236 3617 2407 3662 malim
2619 3615 2857 3676 dorponei
2901 3612 2942 3659 O
3152 3622 3272 3661 tunc
3311 3613 3499 3662 LAXY
3701 3611 3848 3680 hant]
3886 3614 3997 3675 ΗΡ,
4037 3622 4124 3662 aut
4157 3615 4263 3678 VO,
4308 3618 4409 3665 aud

1139 3701 1196 3760 L,
1239 3701 1374 3747 haud
1411 3701 1552 3747 ABX
1563 3699 1602 3746 Y
1806 3702 1977 3760 signes
2021 3700 2112 3747 ΡΟ
2286 3707 2559 3762 capescunt
2601 3699 2642 3746 O
2857 3699 2911 3748 11
2955 3695 3216 3764 conflictu]
3255 3714 3387 3747 arma
3423 3701 3660 3748 conflictu
3706 3699 3766 3758 O,
3808 3702 3982 3748 armati
4020 3703 4253 3749 conflictu
4292 3703 4337 3749 B

1136 3786 1262 3833 duce
1303 3800 1399 3834 om.
1436 3786 1523 3831 OB
1755 3785 1815 3834 12
1853 3787 2070 3833 militum
2108 3800 2204 3835 om.
2236 3788 2280 3833 A
2492 3786 2769 3847 despoliant
2813 3785 2900 3831 OB
3110 3799 3227 3832 suas
3271 3785 3312 3832 O
3522 3800 3727 3848 quorum
3765 3783 3933 3852 quasi]
3969 3789 4113 3848 quasi
4155 3789 4214 3850 O,
4258 3804 4321 3850 qu
4336 3791 4411 3837 asi

1139 3873 1227 3934 qui
1262 3873 1322 3934 B,
1368 3886 1577 3934 quorum
1619 3872 1712 3919 ΧΥ
1957 3871 2014 3920 13
2055 3868 2351 3938 uincebant]
2388 3873 2630 3920 uiuebant
2667 3872 2710 3918 L
2944 3867 3065 3937 non]
3103 3878 3268 3919 tamen
3315 3871 3356 3918 O
3589 3873 3641 3919 id
3681 3879 3758 3920 est
3795 3869 3955 3939 ansis]
3993 3873 4196 3933 HPVL,
4239 3874 4291 3921 id
4332 3883 4414 3923 est

1139 3973 1284 4006 anses
1325 3958 1432 4019 ΧΥ,
1473 3958 1528 4005 id
1566 3964 1645 4006 est
1678 3960 1843 4007 ianses
1887 3957 1990 4019 OB,
2037 3973 2132 4006 om.
2167 3960 2212 4006 A
2462 3958 2522 4006 14
2563 3953 2869 4023 genealogia]
2908 3957 3021 4016 HV,
3064 3971 3169 4004 -am
3206 3960 3295 4004 rel.
3529 3954 3634 4024 nel]
3672 3965 3730 4006 nt
3772 3958 3862 4007 OB
4109 3959 4169 4008 15
4210 3957 4414 4027 coepta]

1139 4051 1338 4105 accepta
1382 4044 1485 4106 OB,
1530 4046 1666 4105 cepit
1703 4046 1748 4091 A
1958 4045 2116 4093 efficit
2148 4044 2295 4107 VOB,
2339 4047 2531 4106 accepit
2569 4047 2611 4092 A
2821 4058 2941 4092 uera
2979 4045 3072 4093 dic.
3115 4060 3210 4093 om.
3244 4045 3378 4092 XYZ
3626 4043 3686 4092 16
3725 4046 3929 4093 heroum
3968 4054 4026 4094 ut
4061 4048 4161 4108 ipsi
4201 4049 4310 4095 suis
4356 4049 4413 4095 in

1145 4131 1289 4192 (ipsis
1326 4131 1377 4177 in
1419 4132 1526 4179 suis
1565 4130 1625 4192 A)
1670 4130 1853 4178 fabulis
1891 4125 2138 4195 referunt]
2188 4136 2246 4177 ut
2295 4131 2396 4191 ipsi
2444 4131 2549 4177 suis
2600 4130 2776 4177 rabolis
2814 4131 3022 4178 fuerunt
3058 4129 3112 4187 S,
3154 4137 3213 4177 ut
3249 4132 3356 4192 ipse
3395 4129 3701 4178 hieronimus
3741 4132 3845 4178 suis
3884 4132 3936 4178 in
3975 4133 4011 4180 f.
4055 4134 4226 4179 ferunt
4273 4131 4407 4194 00),

1140 4223 1199 4265 ut
1235 4218 1333 4279 ipsi
1379 4218 1520 4278 (ipsis
1564 4216 1621 4277 O)
1667 4219 1771 4264 suis
1808 4218 1858 4263 in
1907 4219 1976 4274 (in
2013 4230 2109 4264 om.
2156 4216 2263 4275 OB)
2307 4217 2490 4264 sabulis
2535 4216 2731 4274 (sobolis
2772 4215 2827 4276 O)
2873 4219 3043 4264 ferunt
3087 4214 3247 4278 O(2)B
3479 4212 3619 4281 gapt]
3656 4219 3789 4277 capit
3834 4216 3938 4277 O(¹)
4195 4216 4253 4265 17
4291 4219 4412 4266 hul-

1141 4302 1243 4349 mul
1279 4303 1461 4350 humul
1498 4303 1563 4362 H,
1606 4302 1790 4350 halmal
1828 4303 2003 4350 halmal
2042 4299 2315 4362 SO,¹·2)B‚
2364 4302 2536 4349 humal
2573 4302 2742 4349 humal
2782 4302 2919 4348 XYZ
3153 4316 3272 4351 uero
3312 4299 3510 4368 genuit]
3546 4305 3633 4364 qni
3674 4305 3773 4350 ruit
3814 4308 3955 4365 pater
3992 4303 4032 4349 A
4267 4305 4413 4363 augis

1138 4395 1189 4436 at
1224 4384 1394 4453 augis]
1433 4387 1732 4450 PVLXYZ,
1772 4390 1912 4448 augis
1949 4389 2091 4449 augis
2129 4384 2349 4448 HSO{2),
2393 4389 2537 4448 augis
2573 4389 2713 4447 augis
2752 4402 2868 4436 uero
2911 4387 3038 4448 O(¹)‚
3081 4390 3224 4447 augis
3263 4390 3308 4436 A
3556 4393 3733 4450 genuit
3774 4426 3784 4438 .
3818 4427 3830 4438 .
3866 4427 3876 4438 .
3919 4386 4020 4456 est]
4056 4391 4144 4452 qui
4180 4389 4283 4438 fuit
4321 4405 4413 4451 pa-

1138 4481 1215 4522 ter
1252 4476 1297 4520 A
1507 4470 1657 4540 amal]
1695 4473 2015 4536 HPLAO(¹),
2058 4474 2217 4521 hamal
2256 4474 2307 4535 V,
2351 4474 2507 4521 amala
2545 4471 2851 4534 SO(2)BXY
3054 4489 3081 4521 a
3116 4470 3238 4540 quo]
3274 4488 3357 4522 aco
3402 4472 3508 4537 O(¹)
3748 4474 3809 4523 18
3849 4483 3898 4523 et
3935 4490 4032 4524 om.
4063 4477 4109 4523 A
4326 4477 4418 4524 ha-

1141 4561 1382 4608 malorum
1420 4560 1565 4607 HPV
1770 4560 1987 4609 decurrit
2024 4576 2123 4609 om.
2157 4561 2196 4606 A
2426 4561 2513 4621 qui
2551 4556 2700 4625 amal]
2738 4561 2823 4621 qui
2861 4560 3019 4607 hamal
3060 4559 3117 4619 P,
3161 4562 3250 4621 qul
3291 4563 3416 4608 mala
3459 4560 3587 4622 O(¹),
3632 4568 3682 4609 et
3720 4564 3878 4610 amala
3915 4559 4117 4625 SO(2)B
4326 4563 4415 4610 hi-

1142 4661 1285 4695 sarna
1321 4643 1562 4712 hisarnis]
1601 4646 1803 4707 HPVL,
1846 4647 2099 4694 hisarnam
2136 4646 2354 4693 hisarnis
2391 4646 2503 4707 XZ,
2543 4647 2756 4692 isarnam
2796 4646 2978 4694 isarnis
3024 4645 3076 4706 Y,
3120 4647 3289 4694 isarna
3326 4649 3487 4694 isarna
3525 4646 3675 4709 SOB,
3714 4649 3878 4696 isarna
3917 4650 3961 4695 A
4242 4654 4412 4698 autem

1148 4735 1300 4792 (enim
1344 4732 1465 4792 ΧΥ)
1506 4728 1704 4798 genuit]
1742 4738 1793 4780 et
1827 4734 1938 4794 ipse
1979 4732 2024 4778 A

1317 4990 1358 5049 1)
1411 4990 1632 5038 Tabulae
1669 4991 1834 5050 huius,
1875 5005 2022 5053 quam
2060 4994 2250 5038 constat
2285 4990 2565 5050 profectam
2599 5003 2699 5037 esse
2738 5005 2794 5037 ez
2837 4990 3135 5038 Cassiodorii
3174 4992 3378 5039 historia
3418 4989 3651 5051 Gothico,
3693 4998 3869 5040 auctor
3904 4996 3957 5040 in
3991 4996 4251 5040 variarum
4287 4993 4418 5040 duo-

1142 5076 1230 5124 bus
1269 5077 1385 5124 locis
1423 5076 1776 5137 quodammodo
1812 5081 2036 5136 excerpta
2074 5076 2222 5135 dedit,
2262 5078 2478 5137 primum
2504 5078 2552 5134 9,
2585 5077 2650 5123 25
2688 5079 2887 5124 nomine
2913 5078 3155 5125 Atalarici
3180 5077 3394 5127 scribens
3431 5077 3489 5125 de
3526 5091 3604 5124 se:
3646 5080 3742 5125 iste
3782 5093 3923 5138 reges
3961 5078 4232 5127 Gothorum
4268 5079 4418 5138 longa

1141 5162 1393 5209 oblivione
1432 5162 1611 5209 celatos
1648 5163 1863 5210 latibulo
1903 5164 2171 5210 vetustatis
2208 5162 2409 5209 eduxit:
2455 5163 2551 5209 iste
2591 5162 2790 5210 Amalos
2829 5177 2938 5210 cum
2977 5164 3175 5222 generis
3213 5165 3292 5210 sui
3319 5164 3545 5211 claritate
3573 5165 3815 5222 restituit,
3860 5165 4119 5212 evidenter
4142 5164 4417 5212 ostendens

1142 5250 1196 5296 in
1236 5247 1477 5295 decimam
1517 5248 1783 5309 septimam
1821 5250 2112 5310 progeniem
2151 5249 2359 5310 stirpem
2400 5261 2490 5297 nos
2527 5247 2705 5296 habere
2746 5249 2975 5308 regalem,
3023 5249 3072 5296 id
3110 5248 3238 5310 quod
3275 5263 3386 5298 cum
3425 5248 3594 5298 tabula
3630 5250 3857 5298 Iordanis
3893 5252 3964 5298 ita
4000 5253 4242 5309 convenit,
4284 5249 4419 5312 quod

1143 5351 1172 5380 a
1214 5332 1346 5393 Gapt
1383 5333 1449 5380 ad
1488 5334 1797 5380 Atalaricum
1832 5339 2158 5383 numerantur
2193 5338 2531 5395 yenerationes
2566 5334 2932 5394 septemdecim.-
2975 5334 3146 5382 deinde
3185 5339 3270 5394 11,
3320 5340 3362 5395 1,
3404 5337 3487 5382 ubi
3524 5338 3901 5384 Amalasuintae
3936 5342 4202 5399 parentum
4242 5337 4420 5385 cohors

1143 5420 1320 5479 regalis
1358 5422 1622 5465 enarratur
1657 5421 1754 5465 sic:
1807 5420 1996 5466 enituit
2030 5420 2241 5468 Amalus
2279 5421 2543 5480 felicitate,
2588 5419 2883 5478 ostrogotha
2920 5422 3190 5482 patientia,
3236 5422 3428 5481 Agatha
3470 5422 3554 5478 (al.
3599 5423 3795 5482 Athala)
3839 5422 4256 5483 mansuetudine,
4298 5422 4420 5468 Mu-

1145 5505 1393 5551 nitaurius
1421 5506 1692 5566 aequitate,
1724 5504 2043 5553 Vnimundus
2071 5508 2244 5567 torma,
2288 5506 2579 5553 Thorismut
2605 5509 2851 5567 castitate,
2882 5507 3152 5554 Vnalamer
3187 5509 3289 5568 (sic)
3325 5509 3438 5569 fide,
3483 5509 3790 5557 Theudimer
3816 5511 4022 5570 pietate,
4066 5509 4313 5570 patientia
4342 5509 4426 5555 in-

1144 5592 1291 5637 clitus
1330 5595 1489 5651 pater.
1553 5589 1634 5637 ubi
1669 5605 1781 5637 cum
1816 5596 2056 5651 appareat
2093 5605 2194 5639 non
2229 5594 2480 5639 nominari
2516 5606 2573 5638 ex
2609 5592 2876 5639 maioribus
2908 5593 3285 5641 Amalasuintae
3322 5597 3420 5643 nisi
3458 5598 3542 5656 qui
3580 5597 3835 5655 reynarae'nt
3856 5599 4048 5654 praeter
4073 5597 4235 5653 ipsum
4264 5595 4423 5641 Ama-

1137 5678 1244 5723 lum
1281 5678 1499 5723 nominis
1536 5681 1780 5724 auctorem
1817 5681 1860 5723 et
1897 5675 2105 5735 fortasse
2141 5691 2299 5738 reyem
2336 5682 2381 5724 et
2419 5681 2597 5738 ipsum,
2640 5692 2727 5737 pro
2756 5678 2952 5738 Ayatha
2990 5679 3063 5724 vet
3089 5678 3271 5726 Athala
3308 5679 3676 5728 substituendus
3709 5686 3778 5727 est
3818 5681 4199 5728 Ermanaricus:
4238 5681 4424 5742 reliqui

1138 5777 1320 5812 errores
1356 5767 1410 5808 ut
1450 5761 1598 5820 facile
1638 5764 1895 5822 tolluntur,
1938 5765 2006 5809 ita
2045 5766 2094 5810 in
2131 5776 2304 5824 reyum
2341 5763 2510 5812 ordine
2560 5763 2777 5811 Videmer
2812 5769 2935 5811 recte
2972 5766 3229 5813 omittitur.
