4882 6775
676 2614 878 2658 Libellus
896 2618 947 2659 de
977 2621 1062 2661 ori·

769 2669 872 2719 gine
902 2670 1061 2713 Romae

1105 461 1388 528 XXVIII
2499 464 2959 521 PROOEMIVM,

1103 696 1426 755 auctorem
1487 709 1567 755 ex
1600 676 1901 755 'tractatu
1959 690 2175 773 aliquo
2234 689 2677 773 chronologico
2743 696 2957 755 sectae
3015 689 3493 756 Alexandrinae
3553 690 3744 756 hodie
3803 690 4168 776 deperdit0,
4242 692 4352 776 qui

1104 818 1323 876 contra
1366 811 1717 877 Eusebium
1764 811 2010 878 Cainan
2068 812 2339 877 alterum
2396 816 2779 894 agnosceret
2836 817 2902 876 et
2945 810 3184 877 Christi
3226 811 3478 877 natales
3522 810 3588 876 in
3632 832 3872 877 annum
3917 813 4138 878 mundi
4183 817 4351 877 5500

1101 931 1387 1014 referret,
1441 951 1637 1017 supra
1680 954 1744 1017 p.
1781 932 1969 996 XVII
2012 930 2312 997 vidimuS.
2393 952 2476 997 ex
2521 932 2746 997 eodem
2793 931 3045 997 omnino
3091 939 3349 997 auctore
3394 932 3701 998 Iordanes
3748 931 4141 1017 deprompsit
4185 954 4350 1017 quae

1100 1050 1164 1115 in
1211 1035 1521 1137 principio
1567 1053 1781 1137 operis
1824 1072 1904 1118 ex
1934 1051 2314 1117 Iudaeorum
2360 1051 2626 1117 historia
2668 1052 2909 1118 adiecit
2950 1052 3035 1117 ad
3065 1051 3588 1135 Hieronymiana‚
3640 1073 3905 1135 quorum
3954 1074 4096 1119 eum
4133 1056 4350 1138 plera-

1099 1192 1223 1253 que
1280 1173 1520 1256 pariter
1576 1173 1932 1239 referantur
1975 1171 2149 1257 apud
2194 1191 2415 1236 omnes
2461 1191 2683 1238 sacrae
2728 1172 3032 1238 historiae
3077 1172 3451 1257 scriptores,
3519 1193 3573 1237 c.
3628 1176 3706 1235 57
3754 1174 4040 1257 proxime
4084 1175 4351 1240 accedat

1098 1293 1182 1358 ad
1229 1294 1606 1378 Iosephum,
1674 1293 1800 1358 duo
1851 1300 2022 1359 certe
2081 1291 2203 1357 loci
2249 1313 2305 1356 c.
2358 1295 2438 1355 26
2488 1291 2569 1356 de
2612 1292 3014 1377 Aegyptiace
3058 1292 3346 1358 doctrina
3388 1292 3584 1357 Mosis
3642 1293 3900 1359 rediens
3959 1294 4134 1379 apud
4179 1296 4350 1379 Syn-

1097 1415 1328 1479 cellum
1387 1422 1453 1480 et
1504 1434 1558 1479 c.
1611 1417 1685 1477 81
1739 1414 1820 1479 de
1864 1413 2307 1498 perseeutione
2353 1412 2736 1478 Iudaeorum
2781 1414 3234 1479 Alexandreae
3277 1419 3342 1479 et
3385 1412 3764 1479 Antiochiae
3808 1421 4091 1498 tempore
4137 1415 4352 1480 Ptole-

1096 1535 1264 1600 maei
1305 1534 1696 1614 Alexandri,
1764 1534 1845 1599 de
1890 1554 2018 1617 qua
2061 1540 2397 1618 praeterea
2443 1532 2603 1598 nihil
2650 1535 2960 1619 comperi,
3014 1534 3350 1600 stabiliunt
3396 1533 3677 1599 chronici
3723 1534 3863 1600 eius
3909 1535 4218 1618 originem
4267 1557 4347 1602 ex

1093 1656 1414 1741 Aegypto.
1507 1655 1732 1721 fabula
1774 1674 2026 1738 quoque
2072 1674 2127 1719 c.
2180 1656 2302 1717 268
2350 1653 2432 1719 de
2479 1659 2694 1720 statua
2738 1654 3000 1719 Traiani
3045 1655 3219 1740 apud
3263 1654 3458 1719 Indos
3504 1653 3836 1738 dedicata,
3889 1676 4053 1739 quae
4099 1663 4164 1721 et
4205 1656 4349 1741 ipsa

1092 1777 1174 1842 ab
1220 1776 1493 1842 Iordane
1539 1778 1674 1842 solo
1717 1774 1887 1841 tradi
1932 1774 2213 1855 videtur,
2268 1774 2354 1839 ad
2399 1774 2675 1839 eundem
2719 1782 3040 1840 auctorem
3086 1776 3296 1841 redire
3343 1782 3574 1860 potest.
3671 1775 3949 1859 denique
3994 1776 4076 1841 ab
4124 1777 4347 1842 eodem

1092 1896 1576 1980 proficiscuntur
1620 1916 1786 1980 quae
1832 1895 1913 1960 de
1958 1895 2358 1961 versionibus
2404 1895 2741 1960 bibliorum
2788 1895 3125 1960 traduntur
3169 1916 3223 1960 c.
3278 1900 3426 1959 270.
3480 1898 3629 1960 276.
3683 1898 3832 1960 277.
3886 1899 4040 1978 280,
4111 1897 4350 1963 similia

1092 2038 1172 2081 ea
1227 2018 1449 2083 relatis
1508 2018 1686 2102 apud
1729 2016 2165 2102 Epiphanium
2226 1996 2292 2079 in
2352 2015 2515 2080 libro
2574 2016 2654 2081 de
2708 2016 3025 2102 mensuris
3086 2023 3151 2081 et
3205 2015 3596 2098 ponderibus
3655 2036 3864 2098 neque
3923 2024 4138 2083 tamen
4199 2018 4349 2082 inde

1090 2137 1414 2221 profecta:
1478 2138 1672 2204 immo
1729 2145 2066 2219 utrumque
2126 2143 2450 2201 auctorem
2509 2136 2670 2201 haec
2728 2136 3081 2220 sumpsisse
3142 2156 3222 2201 ex
3267 2136 3484 2201 nescio
3530 2135 3761 2219 quibus
3806 2137 4150 2202 annalibus
4195 2136 4347 2203 inde

1089 2258 1409 2340 colligitur
1467 2259 1636 2341 quod
1682 2258 1857 2342 apud
1901 2256 2337 2342 Epiphanium
2396 2255 2549 2321 anni
2606 2256 2914 2340 adscripti
2974 2263 3122 2321 sunt
3165 2255 3478 2321 Hadriani
3532 2263 3595 2321 et
3641 2257 4020 2322 Caracallae
4067 2264 4131 2322 et
4174 2257 4347 2323 refe-

1087 2387 1308 2445 runtur
1350 2380 1527 2465 apud
1572 2379 1846 2445 eundem
1892 2376 2106 2443 media
2150 2377 2311 2442 haec
2353 2376 2520 2442 inter
2561 2376 2891 2441 annalium
2937 2383 3240 2461 excerpta
3283 2377 3436 2442 alia.
3487 2414 3572 2423 —
3617 2375 3987 2443 Christiana
4033 2398 4240 2461 pauca
4285 2385 4350 2443 et

1087 2501 1383 2583 vulgaria
1426 2522 1591 2583 quae
1635 2500 1943 2564 Iordanes
1988 2498 2241 2563 addidit
2286 2517 2343 2562 e.
2395 2500 2541 2560 256.
2595 2501 2716 2560 265
2764 2504 3115 2581 praetereo.

1260 2623 1346 2685 X.
1407 2623 1532 2704 [DE
1577 2638 1868 2686 oulemn
1912 2637 2111 2683 vums
2158 2620 2424 2691 ROMAE]
2480 2618 2999 2682 commentarium
3045 2616 3366 2699 quoddam
3399 2617 3708 2683 Iordanes
3751 2618 4048 2684 habuerit
4080 2640 4344 2686 necesse

1088 2748 1207 2806 cst.
1302 2741 1452 2807 inde
1499 2762 1663 2826 quae
1709 2740 1998 2826 profecta
2043 2746 2211 2821 sunt,
2262 2739 2508 2803 inserta
2550 2736 3069 2821 Hieronymianis
3114 2737 3222 2815 ita,
3286 2743 3355 2801 ut
3399 2739 3719 2804 emblema
3763 2738 3958 2804 facile
4004 2748 4334 2824 appareat,

1084 2861 1247 2927 haec
1292 2870 1472 2928 sunt:

1264 2986 1338 3065 (c.
1391 2986 1493 3065 38)
1548 2982 1785 3046 Aeneas
1841 2983 1944 3065 (eoe
1983 2981 2179 3063 Troia)
2230 2981 2478 3063 suqiens
2525 2982 2588 3041 in
2635 2980 2882 3041 Italiam
2928 2982 3108 3059 venit,
3163 2998 3227 3040 se
3271 3000 3504 3061 quoque
3548 3001 3683 3042 cum
3715 2983 3929 3042 Latino
3977 2986 4180 3044 Famu‘
4213 2986 4338 3065 filio

1090 3091 1215 3151 Pici
1254 3097 1463 3170 nepote
1496 3091 1873 3169 Saturnique
1917 3087 2200 3166 abnepote
2245 3085 2586 3165 adfinitatis
2630 3085 2841 3165 qratia
2889 3085 3142 3164 iunqens
3189 3092 3434 3164 accepta
3472 3085 3604 3165 filia
3652 3086 3782 3145 eius
3831 3088 3892 3145 in
3927 3106 4186 3147 uoeorem
4219 3091 4341 3148 La·-

1078 3195 1285 3253 vinia:
1332 3195 1648 3273 unitosque
1682 3195 1910 3273 Fryqas
1944 3190 2246 3270 Italusque
2270 3187 2527 3268 populos
2559 3188 2947 3247 nominavere
2978 3188 3267 3247 Latinos:
3326 3186 3400 3268 (c.
3441 3187 3540 3268 39)
3598 3195 3652 3247 et
3697 3189 3785 3248 sic
3831 3190 3950 3249 iam
3998 3210 4083 3251 esc
4114 3198 4256 3251 tum
4287 3200 4344 3251 et

1078 3298 1394 3376 deincepS,
1460 3296 1742 3377 quamvis
1802 3296 1864 3355 in
1917 3293 2317 3374 pauperrimo
2376 3309 2562 3371 reyno
2616 3290 2853 3370 locoque
2899 3297 3154 3371 anqusto
3201 3290 3360 3370 quod
3405 3289 3718 3351 dicebatur
3764 3312 3914 3372 (ιφ-ο
3961 3295 4339 3355 Laurentum

1082 3397 1374 3482 (sortasse
1420 3419 1534 3482 pro
1579 3419 1799 3480 ayrum
1843 3401 2252 3474 Laurentum,
2319 3392 2388 3457 id
2433 3399 2533 3457 est
2575 3414 2722 3476 ayer
2768 3393 3067 3475 Laurens)
3125 3403 3538 3475 reynaverunt
3591 3403 3728 3474 post
3772 3399 4057 3457 Latinum
4103 3396 4336 3458 Aeneas

1076 3513 1130 3565 et
1175 3522 1552 3565 successores
1599 3504 1729 3564 eius
1784 3501 1912 3582 [qui
1953 3509 2008 3562 et
2054 3500 2240 3561 Silva·
2279 3506 2422 3559 sunt
2455 3495 2792 3578 Albanique
2836 3495 3100 3575 vocitati]
3151 3516 3264 3576 pro
3307 3494 3542 3557 Albano
3587 3497 3736 3558 urlm
3789 3501 3864 3578 [et
3901 3519 4018 3579 pro
4059 3510 4335 3580 postumo

1076 3607 1334 3687 Aeneae]
1390 3606 1541 3668 idem
1589 3602 1810 3683 Aen-ea,
1864 3607 1971 3686 qui
2012 3604 2236 3665 idcirco
2285 3603 2517 3663 Silvius
2563 3601 2758 3662 dictus
2805 3609 2911 3678 est,
2965 3602 3110 3681 quia
3155 3602 3414 3661 Lavinia
3453 3609 3591 3680 post
3635 3610 3884 3662 mortem
3930 3598 4200 3680 Aeneae,
4255 3607 4332 3665 ti-

1075 3730 1241 3771 mens
1287 3708 1540 3771 Ascanii
1587 3709 1906 3786 invidiam,
1958 3707 2115 3768 clam
2161 3725 2296 3766 cum
2345 3707 2406 3764 in
2453 3705 2613 3765 silva
2657 3706 2973 3785 yeneravit
3017 3702 3396 3784 Aeneamque
3443 3703 3706 3764 Silvium
3750 3706 4109 3766 nominavit.

1252 3833 1332 3913 (e.
1384 3831 1486 3912 51)
1542 3837 1679 3910 post
1725 3827 2197 3889 innumerabiles
2248 3873 2261 3886 .
2306 3872 2320 3886 .
2363 3872 2377 3886 .
2430 3827 2731 3886 Laurenti
2776 3825 2892 3885 Ioci
2934 3833 2987 3884 et
3033 3826 3206 3884 Latio
3251 3843 3423 3904 ‘reyes
3471 3825 3694 3884 Silvios
3743 3821 4161 3907 Albanosque,
4229 3829 4336 3908 qui

1072 3944 1363 3997 trecentos
1404 3954 1519 4014 per
1565 3952 1757 3993 annos
1803 3934 1867 3993 in
1909 3939 2089 4012 parte
2136 3930 2352 3990 Italiae
2398 3935 2817 4010 requae-erunt
2861 3927 3141 4008 quamvis
3187 3929 3620 4007 pauperrime,
3684 3926 3983 4006 [sl-rutilius
4029 3948 4153 3990 rem
4198 3933 4332 3991 Nu-

1070 4039 1308 4100 mitoris
1348 4036 1578 4118 fratris
1617 4036 1831 4116 filiam]
1886 4038 2069 4095 Rea-m
2103 4035 2360 4110 nomine,
2413 4051 2572 4113 quae
2604 4039 2658 4091 et
2709 4030 2875 4110 [Ilia]
2927 4030 3280 4108 vocabatur,
3344 4031 3660 4109 [Vestalem
3697 4032 3997 4111 viv·91'nem
4021 4033 4322 4112 feceratl:

1070 4162 1226 4223 quae
1268 4141 1534 4222 qravida
1579 4142 1825 4201 inventa
1869 4139 2013 4199 dum
2059 4139 2254 4199 scelus
2300 4155 2481 4197 suum
2527 4136 2744 4195 nite'tur
2790 4153 3133 4212 eaecusarc,
3186 4154 3225 4194 a
3273 4136 3471 4195 Marte
3517 4153 3581 4194 se
3625 4153 4032 4214 compressam
4081 4138 4327 4196 mentita

1070 4253 1180 4306 est.
1270 4245 1375 4324 [αι’
1420 4266 1545 4326 qua
1589 4245 1805 4326 yenitis
1851 4242 2082 4303 duobus
2128 4241 2382 4323 qeminis
2427 4258 2551 4299 reoe
2596 4240 2827 4318 ezr-poni
2853 4237 3214 4317 praecepit]
3295 4257 3442 4319 quos
3473 4240 3778 4318 vaqientes
3811 4240 4111 4298 meretria·
4142 4259 4330 4320 quae-

1069 4348 1214 4409 dam
1260 4351 1436 4429 Lupa
1495 4349 1732 4408 nomine
1790 4366 1925 4408 cum
1982 4345 2287 4422 audisset,
2354 4344 2558 4404 statim
2618 4341 2829 4402 tollens
2890 4341 2975 4401 ad
3023 4342 3385 4401 Faustulum
3441 4348 3748 4421 pastorem
3796 4341 4086 4402 adduoeil.
4182 4362 4328 4423 quos

1067 4450 1227 4513 Acca
1271 4471 1440 4512 uoeor
1486 4453 1616 4512 eius
1661 4451 1944 4511 nutriens
1993 4451 2150 4510 inter
2195 4449 2349 4508 alios
2389 4454 2672 4528 pastores
2718 4446 3080 4505 conversari
3122 4444 3374 4505 edocuit.

1250 4573 1323 4653 (c.
1377 4573 1477 4654 52)
1534 4572 1824 4633 Romulus
1869 4572 2117 4651 eiusque
2159 4585 2491 4650 9ermanus
2547 4566 2811 4645 [collecta
2851 4572 3171 4645 pastorum
3217 4564 3620 4644 multitudine]
3675 4568 3980 4625 Romanae
4017 4566 4190 4627 urbis
4222 4585 4329 4627 ae·-

1065 4676 1267 4756 dificia
1326 4676 1761 4736 inchoavermit
1819 4692 2045 4754 suoque
2102 4672 2175 4733 (Ie
2230 4672 2468 4731 nomine
2515 4670 2751 4748 iunior,
2829 4669 2956 4749 [qui
2995 4687 3356 4748 yerma-num
3397 4669 3791 4747 peremerat,]
3861 4667 4068 4728 urbem
4117 4672 4329 4729 vocari

1067 4782 1311 4841 Romam
1350 4782 1682 4860 praecepit.

1063 4915 1259 4980 Vncis
1315 4915 1567 4979 inclusa
1626 4913 1767 4978 sola
1825 4933 1905 4976 ex
1950 4911 2339 4996 Hieronymo
2385 4908 2697 4993 proficisci
2742 4914 3116 4993 potuerunt,
3184 4927 3569 4991 quamquam
3615 4906 3807 4971 etiam
3855 4905 4017 4970 haec
4062 4906 4322 4972 aliunde

1061 5037 1406 5120 adsumpta
1451 5055 1595 5100 esse
1641 5033 1849 5116 magis
1898 5032 2227 5117 probabile
2275 5037 2395 5096 est.
2491 5029 2710 5094 insunt
2743 5017 2968 5094 ‘autem
3012 5029 3080 5092 in
3125 5027 3228 5092 his
3273 5029 3461 5113 plura
3503 5047 3669 5111 quae
3713 5027 3780 5090 in
3826 5033 4005 5092 tanta
4049 5026 4322 5093 diversi-

1057 5164 1187 5222 tate
1235 5156 1596 5222 fabularum
1641 5153 1799 5220 alibi
1846 5173 1989 5218 raro
2035 5153 2138 5217 vel
2185 5171 2502 5235 nusquam
2547 5150 2873 5215 invenias:
2928 5150 3019 5214 ita
3063 5148 3329 5214 trecenti
3375 5148 3527 5214 anni
3560 5147 3904 5212 Silviorum
3951 5147 4127 5231 apud
4161 5149 4320 5212 Ver-

1057 5278 1285 5361 gilium
1330 5278 1493 5341 Aen.
1554 5281 1606 5356 1,
1661 5277 1784 5337 272
1844 5274 2131 5356 aliosque
2194 5271 2585 5355 antiquiores
2646 5270 3025 5351 redeunteS,
3092 5290 3133 5334 a
3192 5268 3694 5352 chronographis
3752 5274 3999 5332 mature
4045 5268 4306 5332 aboliti:

1056 5399 1147 5464 ita
1193 5399 1374 5483 Lupa
1432 5397 1514 5461 ab
1559 5396 1732 5460 Acca
1791 5395 2049 5459 diversa
2107 5393 2258 5458 item
2318 5413 2462 5456 cum
2521 5390 3016 5472 antiquioribus:
3084 5390 3174 5455 ita
3218 5391 3355 5454 Rea
3415 5409 3580 5472 quac
3643 5394 3707 5452 et
3764 5388 3919 5451 Ilia:
3994 5387 4089 5452 ita
4145 5388 4315 5452 filius

1054 5492 1319 5584 Aeneae.
1360 5540 1441 5584 ex
1486 5516 1760 5582 Lavinia
1802 5515 2126 5599 plerisque
2171 5515 2513 5578 Postumus
2560 5512 2801 5576 Silvius
2849 5511 3094 5592 dictus,
3147 5509 3251 5573 hic
3296 5511 3551 5573 Aeneas
3599 5507 3875 5573 Silvius:
3944 5508 4034 5573 ita
4079 5509 4317 5572 Romu-

1055 5642 1155 5706 lus
1202 5641 1400 5704 Remo
1445 5638 1686 5718 iunior,
1750 5635 1818 5699 id
1878 5635 2046 5718 quod
2108 5654 2421 5716 nusquam
2485 5631 2639 5696 alibi
2702 5631 2937 5713 legisse
2995 5650 3098 5694 me
3157 5629 3439 5694 memini.
3537 5635 3604 5693 ut
3648 5627 3965 5712 quaedam
4013 5649 4092 5693 ex
4139 5648 4318 5693 mera

1051 5760 1525 5846 perturbatione
1570 5757 1884 5840 originem
1932 5755 2262 5835 duxerint,
2331 5754 2638 5839 pleraque
2685 5750 3064 5817 crediderim
3113 5771 3195 5815 ex
3241 5750 3606 5815 narratione
3654 5750 3966 5834 proticisci
4014 5750 4207 5814 simili
4255 5750 4316 5814 ei
