4882 6775
1082 476 1164 539 32
2528 477 2884 537 IORDANIS

1077 685 1203 749 que
1261 665 1448 747 aquis
1507 673 1572 732 et
1628 666 1922 733 hostibus
1978 668 2064 733 ad
2122 687 2460 735 ascensum
2519 669 2756 735 milites
2811 672 3251 753 turbarentur,
3318 679 3565 738 scutum
3611 673 3750 757 ipse
3794 674 4007 758 rapuit
4051 680 4117 740 et
4157 674 4331 740 viam

1077 767 1322 850 primus
1365 768 1696 850 ingressus
1741 778 1861 835 est.
1939 777 2073 836 tum
2119 771 2377 853 agmine
2422 779 2639 839 secuto
2687 793 2831 839 cum
2877 776 3222 858 subi-uptus
3266 776 3674 841 multitudine
3720 795 3880 861 pons
3927 777 4323 859 succidisset,

1081 870 1319 936 sauciis
1362 873 1661 938 manibus
1705 880 1769 938 et
1814 874 2103 939 cruribus
2126 926 2140 954 ,
2203 876 2552 959 speciosior
2603 877 2918 960 sangnine
2964 885 3029 944 et
3071 880 3213 963 ipso
3257 878 3542 963 periculo
3586 879 3832 944 auctior
3873 886 4059 963 terga
4101 880 4331 945 ostium

918 972 1043 1034 243
1079 973 1331 1038 cecidit.
1426 975 1742 1040 Pannonii
1796 996 1947 1042 vero
2002 976 2252 1043 duobus
2306 978 2561 1044 acribus
2617 978 2831 1045 fluviis
2887 981 3059 1045 Drao
3104 981 3400 1063 Savoque
3459 980 3801 1046 vallantur.
3898 989 4116 1047 contra
4172 1001 4330 1064 qnos
4358 996 4520 1037 floru-
4549 997 4588 1044 1.
4619 997 4684 1043 ¹2.
4710 999 4735 1038 s

1015 1094 1041 1133 ⁵
1079 1075 1444 1142 Duennium
1490 1077 1700 1159 misit,
1767 1079 1876 1161 qui
1921 1098 2030 1144 eos
2076 1081 2223 1164 plus
2267 1081 2577 1146 velociter
2618 1081 2805 1164 vicit,
2871 1103 3063 1165 quam
3110 1103 3328 1149 eorum
3371 1082 3638 1148 flumina
3683 1102 3871 1149 cursu
3918 1084 4145 1168 rapido
4187 1105 4333 1150 cur-

918 1179 1040 1237 244
1080 1185 1250 1243 runt.
1344 1180 1685 1246 Dalmatae
1730 1180 2025 1247 similiter
2069 1182 2250 1248 silvis
2295 1191 2770 1249 commanentes
2813 1185 3153 1270 plurimam
3198 1191 3444 1270 partem
3482 1186 3922 1253 latrocinando
3952 1187 4322 1253 vastabant:
4359 1212 4399 1242 o.
4432 1202 4482 1243 ¹⁰

1079 1280 1168 1346 ad
1211 1302 1371 1365 quos
1418 1283 1809 1349 edomandos
1848 1285 2103 1350 Vibium
2150 1286 2439 1368 mandat,
2492 1287 2603 1371 qui
2646 1289 2913 1353 efferum
2959 1308 3165 1371 genus
3210 1288 3431 1354 fodere
3475 1294 3681 1354 terras
3728 1289 3942 1372 coegit
3982 1309 4334 1373 aurumque
4361 1315 4400 1345 e·
4435 1305 4497 1345 ¹¹·
4529 1304 4581 1345 ¹2

918 1385 1042 1444 245
1079 1384 1265 1449 venis
1323 1405 1695 1469 repurgare.
1787 1388 1991 1453 Moesi
2048 1409 2199 1454 vero
2260 1410 2453 1472 quam
2512 1390 2667 1472 feri,
2734 1411 2928 1473 quam
2980 1397 3194 1458 truces
3253 1397 3478 1456 erant?
3539 1399 3609 1457 ut
3664 1412 3831 1457 unus
3892 1392 4126 1457 ducum
4183 1400 4334 1458 ante
4361 1417 4401 1448 c·
4434 1408 4495 1448 ¹³·
4528 1409 4577 1448 ¹⁴

1080 1487 1285 1552 aciem
1343 1488 1665 1571 postulato
1725 1490 1982 1555 silentio
2047 1492 2195 1574 ‘qui
2250 1512 2365 1557 vos
2424 1494 2659 1558 estis'?
2714 1494 2962 1578 inquid.
3057 1513 3433 1578 responsum
3492 1502 3621 1561 est:
3696 1495 4005 1561 ‘Romani
4048 1494 4335 1577 gentium

986 1608 1042 1647 ιο
1089 1589 1418 1655 ‘domini'.
1514 1598 1580 1657 et
1635 1592 1778 1657 ille:
1858 1593 1984 1659 ‘ita
2026 1593 2185 1678 fiet’,
2236 1595 2497 1677 inquid,
2567 1596 2663 1661 ‘si
2706 1616 2825 1663 nos
2869 1596 3207 1663 viceritis’.
3301 1596 3421 1662 sed
3463 1618 3613 1663 mox
3656 1597 3743 1662 ad
3786 1598 4028 1663 bellum
4075 1604 4334 1663 ventum
4361 1622 4401 1652 e·
4432 1613 4497 1653 ¹⁶·
4532 1613 4582 1652 16

919 1694 1045 1753 246
1081 1700 1213 1775 est,
1295 1714 1417 1759 nec
1473 1695 1811 1760 classicum
1870 1697 2094 1763 audire
2153 1699 2525 1764 valuerunt:
2599 1700 2692 1765 sic
2746 1721 2787 1764 a
2845 1700 3085 1766 Marcio
3145 1700 3431 1785 superati
3492 1705 3662 1765 sunt.
3777 1701 4064 1766 Thraces
4121 1708 4331 1766 autem
4361 1724 4401 1754 ο·
4434 1715 4479 1755 ¹⁷

1079 1802 1275 1862 antea
1318 1815 1536 1881 saepe,
1587 1805 1739 1863 tunc
1781 1806 1999 1865 tamen
2027 1801 2443 1867 Romaetalca
2485 1809 2799 1885 regnante
2846 1803 2969 1869 sibi
3013 1824 3054 1867 a
3084 1802 3391 1869 Romanis
3436 1803 3805 1868 disciscunt.
3890 1824 4038 1868 nam
4082 1802 4140 1868 is
4184 1804 4334 1869 bar-

1082 1896 1272 1963 baros
1333 1905 1399 1964 et
1459 1900 1802 1985 disciplina
1859 1909 1923 1968 et
1981 1903 2185 1986 signis
2241 1904 2629 1971 militaribus
2688 1905 3107 1971 adsueverat:
3171 1907 3286 1971 sed
3338 1926 3380 1970 a
3422 1905 3656 1971 Pisone
3700 1906 4038 1991 perdomiti
4081 1906 4149 1970 in
4192 1906 4337 1990 ipsa

986 2019 1039 2058 11
1083 2000 1451 2084 captivitate
1496 2003 1740 2067 rabiem
1786 2005 2242 2072 ostendebant:
2312 2028 2462 2071 nam
2507 2014 2806 2089 catenas,
2873 2008 3107 2091 quibus
3152 2008 3352 2092 legati
3397 2016 3612 2091 erant,
3663 2008 3982 2074 morsibus
4023 2008 4336 2074 vellican-

921 2105 1042 2164 247
1082 2109 1182 2168 tes
1243 2103 1561 2169 feritatem
1619 2125 1800 2171 suam
1859 2107 1986 2192 ipsi
2031 2109 2400 2193 puniebant.
2497 2111 2767 2175 Daciam
2812 2131 3065 2194 quoque
3111 2112 3280 2176 ultra
3323 2111 3691 2176 Danubium
3738 2110 3927 2176 sitam
3974 2111 4336 2193 exindeque
4362 2136 4403 2167 c·
4435 2126 4482 2166 ¹8

1083 2206 1343 2291 saepius
1387 2208 1599 2274 Dacos
1657 2211 1873 2293 gelato
1909 2211 2192 2277 Danubii
2245 2211 2432 2277 alveo
2492 2213 2579 2279 ad
2621 2213 2793 2279 furta
2835 2213 2899 2277 in
2947 2212 3261 2278 Romania
3298 2212 3779 2278 transeuntibus
3824 2213 4095 2278 Lentulo
4138 2212 4333 2277 misso
4361 2238 4400 2268 c·
4431 2227 4480 2268 ¹⁹

1082 2308 1253 2387 vicit,
1307 2311 1559 2394 expulit
1601 2319 1794 2395 atque
1841 2314 2118 2396 subegit.
2214 2315 2544 2381 Sarmatas
2590 2336 2847 2399 quoque
2891 2336 3011 2401 per
3054 2315 3329 2382 eundem
3375 2315 3719 2379 Lentulum
3763 2316 3936 2379 ultra
3964 2314 4333 2380 Danubium
4362 2342 4400 2371 c.
4429 2330 4482 2371 20

1082 2412 1355 2496 pepulit.
1435 2414 1546 2495 qui
1588 2414 1749 2479 nihil
1796 2416 1976 2481 aliud
2022 2417 2133 2482 ubi
2177 2418 2421 2501 degunt
2465 2425 2720 2503 praeter
2762 2419 2946 2484 nives
2975 2418 3365 2504 pruinasque
3397 2424 3463 2484 et
3490 2418 3691 2483 silvas
3722 2417 3983 2499 habent,
4034 2424 4337 2501 tantaque

988 2534 1044 2574 ιο
1083 2514 1412 2579 barbaries
1457 2515 1521 2580 in
1565 2517 1699 2582 illis
1744 2524 1860 2598 est,
1915 2527 1987 2584 ut
2028 2540 2147 2586 nec
2190 2521 2574 2605 intellegant
2616 2542 2861 2606 pacem.

922 2620 1047 2681 248
1256 2617 1679 2685 Marmaridas
1724 2641 1875 2686 vero
1920 2630 1984 2687 et
2013 2623 2438 2689 Garamantes
2481 2625 2549 2690 in
2593 2625 2888 2690 orientali
2933 2624 3198 2690 hiemali
3241 2625 3441 2709 plaga
3484 2644 3599 2708 per
3628 2623 3962 2702 Quirinum
4009 2624 4285 2706 subegit.
4320 2622 4341 2707 ΙΙ
4365 2650 4403 2679 c.
4432 2640 4477 2679 ⁴¹

923 2722 1046 2781 ‘249
1087 2720 1443 2789 Germanos
1505 2723 1729 2788 Gallos
1786 2725 2108 2792 Brittones
2154 2727 2406 2811 Spanos
2450 2728 2726 2794 Hiberes
2770 2729 3038 2794 Astures
3085 2729 3442 2794 Cantabros
3502 2726 3818 2793 occiduali
3876 2746 4000 2791 axe
4049 2726 4338 2792 iacentes
4364 2707 4574 2800 {gni-102,
4602 2760 4644 2807 4,
4681 2759 4739 2806 η,

1085 2832 1149 2890 et
1205 2833 1349 2910 post
1404 2826 1667 2908 longum
1726 2828 2056 2894 servitium
2116 2829 2551 2897 desciscentes
2609 2852 2726 2916 per
2783 2850 2853 2897 se
2906 2830 3050 2915 ipse
3093 2831 3425 2913 Augustus
3470 2829 3787 2895 accedens
3831 2847 4052 2893 rursus
4097 2827 4338 2896 servire
4364 2812 4500 2860 ⁴⁶⁸³·

1084 2927 1295 3010 coegit
1337 2928 1771 3010 Romanisque
1816 2930 2069 3013 legibus
2114 2932 2354 2998 vivere.

921 3030 1046 3090 250
1258 3031 1602 3115 Cleopatra
1665 3052 1817 3097 vero
1871 3033 2454 3099 Alexandrinorum
2523 3035 2751 3118 regina
2816 3055 2898 3100 ex
2954 3055 3193 3118 genere
3253 3033 3642 3116 Lagidarum
3702 3034 4341 3117 Ptholomeorumque
4369 3033 4637 3127 {fffflgw

986 3149 1047 3191 25
1086 3151 1419 3198 successor
1484 3133 1661 3217 prius
1727 3140 1945 3200 contra
2010 3135 2131 3201 viri
2198 3135 2298 3200 sui
2364 3137 2721 3203 Ptholomei
2787 3137 3061 3203 insidias
3130 3136 3364 3202 Gaium
3431 3136 3666 3201 Iulium
3734 3136 4078 3203 Caesarem
4144 3137 4344 3202 inter-

1082 3234 1385 3319 pellavit,
1452 3235 1561 3319 qui
1607 3238 1688 3302 ob
1735 3237 1972 3321 stupri,
2041 3245 2110 3304 ut
2167 3240 2534 3325 perhibent,
2602 3242 2876 3323 gratiam
2931 3261 3200 3324 regnum
3258 3240 3398 3305 eius
3458 3239 3853 3305 confirmavit
3917 3240 3944 3326 u
4008 3240 4343 3325 ipsamque
4371 3256 4496 3297 nior·
4531 3258 4634 3298 ¹⁹⁷¹

1086 3337 1155 3403 in
1219 3338 1441 3404 urbem
1509 3359 1652 3405 cum
1721 3361 1958 3425 magna
2021 3363 2257 3430 pompa
2311 3343 2749 3410 Alexandriae
2817 3343 3063 3410 remisit
3124 3363 3416 3426 regnare.
3478 3341 3502 3427 ΙΙ
3556 3341 3822 3409 Cassius
3885 3342 4092 3409 Iudea
4156 3348 4344 3428 capta
4370 3359 4495 3401 nior.
4530 3361 4639 3402 ¹⁹⁷³

924 3445 1040 3504 251
1084 3442 1394 3526 templum
1463 3442 1781 3526 spoliavit.
1879 3445 2089 3528 occiso
2155 3467 2307 3512 vero
2370 3446 2437 3511 in
2506 3447 2687 3513 curia
2750 3449 2991 3512 Romae
3059 3446 3338 3513 Caesare
3388 3447 3414 3530 ΙΙ
3472 3445 3864 3511 Octavianus
3934 3465 4141 3529 nepus
4206 3445 4345 3510 eius
4370 3463 4496 3504 mer.
4532 3464 4639 3504 ¹⁹⁷4

1088 3544 1372 3627 suscepit
1435 3545 1768 3628 Augustus
1841 3547 2303 3633 principatum,
2371 3551 2395 3635 ΙΙ
2456 3571 2644 3633 quem
2720 3550 3037 3618 Antonius
3111 3550 3263 3614 dum
3336 3549 3656 3614 invideret
3726 3548 4014 3630 nihilque
4088 3547 4344 3614 laedere
4365 3566 4485 3608 1011

990 3668 1050 3709 3ο
1088 3654 1338 3731 posset,
1403 3649 1626 3713 urbem
1670 3649 1938 3714 Romam
1994 3649 2353 3733 ingreditur
2412 3658 2477 3716 et
2537 3652 2622 3716 ad
2683 3660 2900 3737 partes
2943 3651 3228 3736 Aegypti
3286 3651 3473 3735 quasi
3519 3653 3846 3716 Romanae
3904 3650 3999 3716 rei
4044 3650 4341 3735 publicae

1086 3750 1374 3835 provisor
1416 3750 1688 3817 accedit.
1783 3751 1893 3817 ubi
1950 3752 2079 3817 iam
2137 3752 2400 3819 viduam
2459 3775 2501 3821 a
2559 3754 2693 3820 viro
2753 3761 3126 3838 regnantem
3170 3753 3548 3838 repperiens
3594 3753 4000 3838 Cleopatram
4058 3772 4129 3819 se
4185 3773 4343 3836 quo-

1087 3873 1212 3935 que
1265 3872 1409 3918 cum
1468 3852 1586 3918 illa
1629 3853 2002 3920 consocians
2057 3855 2081 3939 ΙΙ
2134 3856 2345 3941 coepit
2389 3856 2513 3922 sibi
2560 3857 3060 3924 dominationem
3106 3877 3367 3941 parare,
3436 3876 3557 3921 nec
3597 3855 3869 3937 tacitae,
3934 3856 4052 3921 sed
4094 3856 4339 3941 patriae
4366 3875 4533 3917 riom
4564 3878 4608 3925 ⁴.
4642 3878 4702 3921 ιι,
4728 3877 4750 3916 3

1089 3955 1364 4021 nominis
1431 3963 1620 4040 togae
1686 3957 1959 4023 fascium
2027 3959 2293 4024 oblitum
2358 3965 2560 4025 totum
2618 3960 2686 4025 in
2745 3966 3094 4026 monstrum
3154 3958 3318 4025 illud
3372 3966 3445 4025 ut
3497 3964 3711 4024 mente
3771 3959 3862 4024 ita
3916 3959 4130 4024 animo
4187 3979 4346 4041 quo-

929 4063 1053 4124 252
1090 4079 1214 4143 que
1271 4059 1574 4143 cultuque
1636 4059 2020 4127 desciverat.
2114 4079 2380 4127 aureum
2444 4062 2511 4127 in
2572 4083 2765 4129 manu
2835 4063 3170 4144 baculum,
3251 4063 3317 4127 in
3385 4062 3555 4127 latus
3622 4062 3951 4145 acinaces,
4032 4081 4347 4147 pur-porea

991 4184 1052 4225 35
1089 4161 1289 4228 vestis
1352 4162 1722 4247 ingentibus
1789 4164 2095 4230 obstricta
2156 4165 2456 4248 gemmis.
2560 4166 2866 4233 diadema
2925 4166 3180 4249 deerat,
3253 4172 3324 4230 ut
3380 4164 3607 4248 regina
3664 4184 3778 4228 rex
3836 4170 3901 4229 et
3965 4164 4107 4249 ipse
4173 4165 4347 4229 frue-

1089 4271 1282 4331 retur.
1404 4265 1580 4350 quod
1643 4267 1975 4350 Augustus
2041 4267 2284 4333 Caesar
2346 4268 2619 4334 audiens
2685 4290 2726 4334 a
2790 4268 3134 4334 Brundisio
3201 4267 3540 4334 Calabriae
3614 4266 3682 4332 in
3747 4266 3972 4352 Epiro,
4054 4273 4126 4333 ut
4196 4286 4340 4333 eum
4369 4300 4408 4328 e.
4442 4289 4468 4330 4

1272 4648 1392 4695 ΗΡ
1420 4649 1523 4696 VL
1564 4649 1826 4710 Freculfus
1871 4655 1915 4708 1,
1958 4653 2006 4710 7,
2052 4652 2114 4697 16
2157 4650 2205 4711 (8
2242 4650 2399 4697 Moesi
2433 4676 2506 4686 —
2541 4648 2604 4698 2³
2644 4650 2845 4710 coegit).
2884 4677 2955 4686 —
2994 4648 3125 4700 Mur.
3161 4666 3217 4711 p.
3248 4647 3377 4697 235⁰
3414 4667 3460 4698 υ.
3491 4647 3555 4697 27
3595 4647 3815 4696 Cassius.

1271 4819 1294 4869 1
1336 4822 1443 4869 mil.
1484 4823 1619 4869 turb.
1657 4821 1717 4868 ad
1754 4836 1850 4870 asc.
1896 4821 1940 4868 L
2145 4822 2255 4883 ipse
2292 4823 2505 4884 arripuit
2541 4822 2600 4884 L,
2648 4835 2754 4883 rap.
2796 4823 2907 4882 ipse
2953 4822 2995 4868 V
3200 4821 3230 4869 2
3268 4821 3535 4869 subsecuto
3574 4819 3618 4866 L
3826 4819 4070 4866 subrutus
4110 4819 4280 4866 Florus

1094 4906 1471 4954 multitudinem
1509 4907 1657 4955 HPV
1881 4909 2206 4955 successisset
2242 4907 2286 4954 L
2530 4907 2560 4956 3
2599 4907 2789 4968 specior
2827 4906 2871 4953 L
3112 4909 3220 4969 ipso
3257 4902 3503 4972 periculo]
3543 4906 3735 4964 Florus,
3775 4905 3885 4966 ipse
3922 4905 4133 4966 periculi
4167 4904 4281 4953 libri

1094 4991 1304 5060 auctior]
1341 4994 1454 5042 libra·
1488 4999 1534 5041 et
1572 4994 1750 5042 Florus
1781 4992 2016 5054 (Bamb.),
2059 4995 2319 5054 augustior
2355 4994 2534 5042 Florus
2566 4993 2732 5055 (Nax.)
2762 5023 2775 5034 .
3015 4994 3045 5042 5
3083 4993 3331 5054 Vinnium
3370 4992 3552 5040 Florus
3827 4990 3944 5051 plns
3979 4991 4203 5038 uelocius
4239 4989 4283 5036 L

1095 5079 1249 5126 numa
1286 5078 1330 5125 L
1571 5078 1601 5128 6
1639 5080 1795 5127 saluis
1833 5079 1877 5126 L
2120 5078 2148 5126 7
2187 5079 2383 5127 foedere
2420 5078 2535 5139 ΗΡ,
2574 5079 2796 5128 foederet
2839 5079 2881 5125 V
3102 5079 3234 5138 cogit
3271 5076 3344 5124 L‘¹
3554 5082 3855 5137 taurumque
3892 5075 3936 5122 L
4178 5075 4209 5125 8
4245 5076 4349 5123 fleri

1094 5164 1240 5211 HPV
1451 5164 1512 5213 10
1550 5161 1624 5231 et]
1660 5171 1712 5213 at
1751 5166 1828 5214 st.
2042 5166 2146 5226 inq.
2189 5167 2276 5212 iiet
2320 5165 2362 5211 V
2566 5166 2806 5213 uiceretis
2843 5165 2954 5225 ΗΡ,
3006 5164 3284 5211 nixceretis
3329 5163 3371 5209 V
3580 5160 3635 5209 11
3681 5157 3777 5226 sic]
3815 5160 3904 5208 sed
3938 5160 4011 5207 L‘¹
4219 5176 4351 5209 mer·

1094 5255 1200 5301 cios
1237 5251 1383 5298 HPV
1593 5247 1810 5316 thraces]
1845 5251 2039 5298 thracas
2077 5237 2306 5310 HPVLb,
2348 5257 2538 5299 tracus
2574 5249 2648 5297 L‘⁸
2880 5249 2937 5298 12
2977 5257 3093 5297 ante
3128 5249 3185 5296 Η
3387 5242 3702 5313 romaetalca]
3740 5246 3896 5307 HPL,
3941 5249 4204 5296 rometalea
4247 5248 4288 5294 V

1097 5354 1176 5387 res
1210 5344 1364 5386 nante
1402 5337 1447 5384 P
1652 5338 1747 5385 sibi
1783 5351 1879 5384 om.
1922 5334 1993 5383 L⁰
2225 5336 2286 5385 14
2323 5338 2515 5385 catenis
2551 5336 2650 5383 ΗΡ
2685 5337 2768 5386 Fr.
3007 5334 3066 5383 17
3106 5338 3349 5382 sarmatus
3389 5333 3498 5391 ΗΡ,
3540 5333 3757 5380 sarbatas
3796 5333 3875 5382 st.
4095 5333 4156 5383 18
4193 5334 4265 5382 nil
4302 5333 4357 5379 Η

1096 5423 1155 5473 21
1199 5424 1354 5484 gallos
1393 5437 1491 5472 om.
1522 5422 1565 5469 L
1750 5418 2015 5488 brittones]
2044 5423 2143 5484 st,
2186 5424 2432 5470 britiones
2457 5421 2644 5469 HPVL
2839 5421 3051 5470 occidnli
3085 5420 3126 5466 V
3331 5417 3395 5467 22
3434 5418 3674 5466 secedens
3709 5418 3751 5466 V
3954 5417 4018 5466 24
4057 5419 4350 5480 cleopatram

1095 5509 1284 5557 HPVL
1490 5509 1708 5569 reginam
1748 5507 1789 5554 L
2021 5508 2290 5555 lucidarum
2329 5506 2471 5555 HPL
2699 5503 3005 5573 ptholome-]
3039 5506 3155 5564 HV,
3197 5505 3442 5553 tholome-
3479 5504 3539 5563 P,
3580 5505 3821 5565 ptolome-
3859 5503 3900 5551 L
3939 5503 4015 5552 hic
4048 5509 4095 5552 et
4131 5503 4351 5564 deinceps

1096 5595 1163 5654 26
1200 5592 1336 5662 eius]
1371 5597 1418 5643 ei
1459 5594 1501 5641 L
1708 5608 1806 5655 que
1843 5606 1940 5643 om.
1974 5591 2046 5640 L⁶
2254 5593 2316 5642 27
2356 5596 2422 5642 al.
2463 5608 2579 5642 cum
2618 5608 2685 5642 m.
2728 5599 2905 5657 pompa
2931 5593 2973 5640 L
3181 5590 3247 5639 28
3285 5590 3588 5652 exspolieuit
3627 5590 3670 5636 L
3878 5588 3944 5637 30
3980 5590 4139 5650 possit
4174 5590 4283 5637 libre·

1096 5681 1350 5742 egreditur
1385 5681 1429 5728 L
1637 5677 1772 5746 aeg]
1809 5680 1966 5741 reipb.
1995 5693 2073 5738 eg.
2113 5679 2155 5726 L
2364 5678 2419 5727 31
2467 5676 2579 5746 ubi]
2614 5679 2686 5726 ibi
2721 5681 2810 5740 (V)
3025 5676 3089 5726 32
3126 5677 3260 5738 cepit
3298 5675 3409 5736 ΗΡ,
3451 5675 3615 5737 caepit
3640 5674 3684 5721 L
3892 5674 3957 5723 33
3994 5677 4184 5724 oblitus
4219 5681 4353 5723 totns

1097 5770 1275 5817 Flos-m
1482 5764 1547 5815 34
1585 5767 1835 5814 eseinaces
1874 5765 1918 5812 L
2126 5764 2193 5813 35
2229 5765 2453 5824 reginam
2490 5778 2571 5812 res
2607 5764 2651 5811 L
