4882 6775
1174 493 1523 559 XXXVIII
2575 495 3035 552 PROOEMIVM.

1173 737 1245 782 se
1298 717 1532 783 fecisse
1590 718 1732 802 ipse
1791 726 2009 801 negat.
2105 740 2254 785 nam
2313 719 2422 803 qui
2476 720 2700 786 scribit
2757 721 2830 801 (c.
2883 727 2944 802 5,
2998 722 3138 805 38):
3216 723 3373 786 ‘nec
3416 741 3631 786 eorum
3680 720 3935 786 fabulas
3981 722 4220 788 alicubi
4280 744 4431 808 rep-

1178 838 1492 922 ‘perimus
1553 838 1862 923 scriptae,
1931 840 2038 921 qui
2092 860 2201 905 eos
2272 840 2558 924 (Gothos)
2625 841 2846 907 dicunt
2904 840 2970 904 in
3033 840 3348 906 Brittania
3400 891 3470 905 ..
3512 891 3526 905 .
3577 840 3643 904 in
3704 842 4075 907 servitutem
4138 842 4433 908 redactos

1182 961 1280 1023 ‘et
1322 959 1388 1023 in
1435 958 1624 1024 unius
1671 959 1909 1024 caballi
1955 959 2158 1044 pretio
2203 981 2243 1025 a
2287 960 2562 1042 quodam
2610 964 2892 1046 ereptos’
2954 967 3019 1026 61
3077 961 3560 1045 reprehendens
3619 981 3730 1026 606
3789 962 3897 1044 001
3951 961 4031 1027 (16
4080 962 4432 1028 Gothorum

1174 1078 1422 1161 origine
1468 1079 1656 1145 aliter
1700 1087 1894 1163 atque
1938 1079 2079 1164 ipse
2128 1087 2411 1146 statuant
2470 1081 2765 1165 adiungit
2830 1084 2983 1147 ‘nos
3028 1082 3240 1166 potius
3284 1081 3542 1146 lectioni
3589 1081 3909 1146 credimus
3955 1103 4147 1164 quam
4194 1083 4435 1149 fabulis

1177 1199 1496 1265 ‘anilibus
1541 1200 1997 1265 consentimus’
2067 1200 2476 1282 [Cassiodorii
2523 1202 2690 1266 enim
2737 1201 2947 1285 magis
2993 1202 3155 1267 haec
3201 1202 3415 1267 omnia
3459 1221 3604 1267 6666
3649 1223 3838 1284 quam
3889 1199 4180 1268 Iordanis
4224 1226 4435 1288 paene

1172 1326 1413 1384 certum
1474 1322 1633 1405 est),
1700 1319 1755 1383 is
1817 1320 1974 1385 satis
2035 1320 2357 1403 significat
2415 1320 2727 1403 quidquid
2786 1321 3057 1402 referat,
3126 1342 3206 1387 ex
3267 1321 3450 1400 libris
3512 1340 3582 1385 se
3644 1322 4029 1407 sumpsisse,
4096 1325 4432 1412 ipsiusque

1170 1438 1363 1503 huius
1409 1439 1489 1504 (16
1535 1440 1970 1524 redemptione
2003 1440 2357 1506 Gothorum
2403 1461 2483 1506 ex
2517 1442 2849 1507 Britannia
2893 1442 3174 1506 fabellae
3221 1442 3507 1523 aliquam
3553 1443 4220 1508 commemorationem
4256 1445 4432 1528 apud

1167 1565 1492 1625 auctorem
1540 1559 1677 1625 6106
1725 1560 1920 1625 dubio
1968 1560 2415 1644 deprehendit.
2497 1561 2564 1626 id
2608 1570 2820 1627 autem
2870 1563 2925 1627 si
2969 1563 3061 1627 ita
3106 1569 3226 1644 est,
3277 1561 3445 1626 inter
3479 1569 3775 1628 auctores
3808 1563 3916 1645 qui
3951 1563 4228 1628 citantur
4255 1566 4432 1649 apud

1166 1679 1507 1745 Iordanem
1555 1681 1771 1745 nullus
1818 1687 1935 1763 est,
1991 1680 2094 1745 cui
2139 1681 2259 1745 has
2290 1680 2548 1746 fabulas
2579 1690 2877 1767 acceptas
2918 1683 3083 1748 ferre
3118 1682 3327 1766 possis
3360 1690 3627 1766 excepto
3659 1676 3955 1747 Ablabio.
4036 1683 4176 1748 eius
4210 1705 4244 1749 e
4277 1704 4435 1748 con-

1164 1800 1359 1865 trario
1407 1800 1487 1865 dc
1536 1800 1807 1865 Gothica
1850 1801 2119 1866 historia
2165 1802 2393 1866 merita
2438 1802 2541 1866 vel
2587 1801 2654 1865 in
2700 1802 2980 1886 epitoma
3025 1802 3114 1866 ita
3161 1801 3646 1885 praedicantur,
3718 1809 3785 1867 ut
3836 1801 4202 1869 distinctum
4263 1804 4434 1870 inter

1166 1927 1460 1985 auctores
1506 1919 1827 1986 adhibitos
1871 1928 2335 1986 memoratosve
2380 1922 2590 1986 locum
2636 1922 2695 1985 ei
2742 1942 2866 1985 non
2912 1921 3234 2005 possimus
3278 1942 3405 1986 non
3448 1922 3750 1987 tribuere.
3844 1924 4014 1987 locos
4045 1925 4280 2007 quibus
4311 1925 4433 1989 ad—

1165 2041 1419 2122 legatur
1463 2041 1573 2104 ubi
1620 2041 2098 2123 examinamus,
2164 2041 2437 2126 primum
2504 2041 2654 2106 inde
2715 2041 2990 2107 efficitur
3034 2042 3378 2107 Ablabium
3442 2062 3568 2107 non
3628 2042 3695 2106 in
3739 2063 3948 2107 rerum
3995 2044 4428 2110 Romanarum

1164 2161 1569 2226 enarratione
1617 2161 1697 2226 de
1744 2161 1973 2226 Gothis
2021 2162 2301 2241 dixisse,
2370 2161 2487 2226 sed
2535 2161 2617 2226 de
2662 2162 2825 2246 ipsis
2870 2162 3063 2227 rebus
3110 2162 3403 2228 Gothicis
3450 2164 3939 2229 commentarios
3985 2163 4307 2247 edidisse,
4359 2167 4431 2231 id

1165 2280 1336 2363 quod
1381 2301 1460 2345 ex
1506 2282 1870 2347 auctoribus
1916 2282 2090 2366 apud
2136 2282 2478 2347 Iordanem
2523 2282 2801 2347 laudatis
2847 2290 3185 2366 praeterea
3227 2283 3295 2346 in
3341 2282 3612 2348 Dionem
3652 2282 4174 2367 chrysostomum
4222 2287 4428 2351 solum

1163 2401 1357 2466 cadit.
1453 2400 1687 2466 deinde
1752 2422 1974 2467 omnes
2036 2401 2384 2468 ostendunt
2440 2403 2783 2468 Ablabium
2846 2403 3060 2486 egisse
3122 2403 3202 2468 de
3264 2402 3615 2467 Gothorum
3674 2402 4063 2485 originibus,
4133 2405 4202 2470 id
4257 2405 4430 2488 quod

1164 2522 1451 2605 proxime
1498 2522 1899 2587 coniunctum
1946 2529 2044 2587 est
2089 2543 2230 2587 cum
2276 2523 2709 2588 narrationum
2758 2523 3014 2587 illarum
3060 2524 3460 2607 popularium
3492 2522 3825 2588 relatione.
3909 2522 4186 2607 denique
4223 2526 4428 2609 primo

1165 2642 1301 2706 loco
1362 2663 1527 2725 quae
1589 2642 1670 2707 de
1739 2642 2002 2727 ‘priscis
2049 2642 2398 2707 Gothorum
2447 2643 2834 2707 carminibus
2882 2664 3087 2727 paene
3133 2642 3430 2707 historico
3478 2643 3631 2708 ritu'
3695 2638 4075 2725 afferuntur,
4141 2644 4231 2710 ita
4276 2666 4428 2710 con-

1164 2761 1384 2827 iuncta
1444 2770 1592 2828 sunt
1652 2783 1794 2827 cum
1854 2762 2113 2828 Ablabii
2173 2762 2803 2846 commemoratione,
2872 2769 2941 2828 ut
2997 2763 3082 2827 ad
3141 2763 3350 2846 ipsum
3414 2764 3574 2828 11666
3634 2784 3886 2846 000006
3947 2765 4267 2848 pertinere
4325 2766 4424 2830 vi-

1165 2882 1438 2947 deantur
1457 2884 1525 2965 73)
1544 2934 1558 2947 .
1640 2889 1975 2967 praeterea
2020 2903 2100 2947 ex
2146 2883 2331 2948 tertio
2368 2884 2505 2948 loco
2537 2883 2811 2949 efficitur
2841 2882 3121 2948 Graecos
3152 2892 3444 2949 auctores
3476 2885 3559 2950 ab
3590 2884 3865 2948 Ablabio
3897 2884 4219 2949 adhibitos
4251 2905 4415 2968 esse,

1164 3022 1308 3066 cum
1356 3023 1436 3068 ex
1484 3023 1559 3068 eo
1618 3003 1893 3069 citentur
1947 3024 2112 3087 quae
2171 3010 2419 3068 constat
2478 3022 2621 3068 6666
2668 3003 2971 3088 Dexippi.
3065 3003 3282 3085 itaque
3335 3025 3479 3068 cum
3526 3024 3654 3068 000
3700 3005 3905 3069 601010
3952 3004 4226 3069 Gothica
4272 3006 4423 3070 doc—

1164 3123 1364 3204 trina,
1432 3124 1645 3206 qualis
1692 3124 2092 3189 Iordanianis
2138 3123 2338 3203 inest,
2401 3124 2517 3189 sed
2566 3123 2817 3188 Graeca
2860 3144 3110 3207 quoque
3157 3123 3551 3189 Cassiodorii
3598 3123 3928 3205 ingenium
3975 3143 4281 3209 superare
4328 3126 4427 3190 vi-

1165 3242 1423 3325 deatur,
1496 3244 1690 3308 etiam
1748 3243 1938 3308 huius
2000 3244 2227 3309 bonam
2291 3250 2537 3326 partem
2598 3264 2713 3327 per
2756 3244 3100 3308 Ablabium
3149 3263 3331 3308 snam
3379 3265 3524 3309 eum
3570 3244 3801 3309 fecisse
3849 3244 4254 3310 crediderim.
4349 3267 4427 3311 ea

1163 3363 1540 3448 praesertim
1587 3383 1754 3447 quae
1800 3383 1881 3430 ex
1926 3363 2143 3429 Prisco
2189 3363 2468 3430 citantur
2511 3365 2594 3430 ab
2633 3363 2909 3430 Ablabio
2956 3364 3271 3449 proficisci
3315 3348 3468 3429 inde
3513 3364 3849 3449 probabile
3896 3364 4202 3448 redditur,
4256 3366 4425 3449 quod

1163 3505 1330 3568 quae
1377 3485 1457 3550 de
1488 3485 1789 3568 Vidigoia
1835 3492 2022 3550 cantu
2069 3484 2379 3550 maiorum
2428 3485 2749 3549 celebrato
2796 3483 3133 3550 traduntur
3178 3485 3429 3550 duobus
3475 3485 3632 3549 locis
3678 3505 3732 3550 6.
3786 3491 3847 3567 5,
3887 3489 3968 3548 43
4016 3492 4081 3550 et
4128 3489 4230 3566 34,
4279 3490 4418 3570 178,

1164 3605 1302 3670 sine
1371 3606 1565 3671 dubio
1631 3606 1713 3670 ab
1781 3625 1857 3670 eo
1924 3613 2184 3671 6061016
2253 3604 2538 3689 profecta
2595 3611 2777 3685 sunt,
2851 3626 2891 3669 a
2957 3626 3080 3687 quo
3143 3605 3453 3670 Gothicae
3523 3605 3920 3670 narrationes
3988 3606 4285 3688 veniunt,
4361 3608 4427 3672 id

1165 3733 1265 3790 661
1309 3726 1364 3790 61
1411 3746 1633 3790 verum
1678 3725 1957 3790 vidimus
2003 3727 2085 3790 ab
2116 3725 2411 3807 Ablabio.
2467 3725 2669 3790 altero
2715 3732 2929 3790 autem
2978 3727 3115 3789 loco
3163 3745 3304 3789 cum
3347 3724 3545 3788 Prisci
3593 3725 3906 3790 relatione
3951 3726 4042 3790 ita
4086 3726 4420 3811 implicita,

1164 3852 1236 3910 ut
1281 3846 1755 3911 Cassiodorium
1821 3853 2153 3928 utramque
2211 3845 2594 3911 narrationis
2652 3852 2898 3930 partem
2958 3846 3168 3930 ipsum
3218 3844 3623 3910 coniunxisse
3669 3866 3894 3929 parum
3941 3846 4271 3929 probabile
4317 3849 4420 3913 sit.

1161 3967 1316 4031 item
1376 3966 1444 4030 in
1502 3966 1865 4030 narratione
1926 3965 2006 4030 de
2065 3964 2312 4047 origine
2370 3966 2743 4029 Hunnorum
2802 3985 2967 4049 quae
3025 3965 3245 4029 Prisco
3303 3972 3568 4049 accepta
3629 3966 3917 4031 feruntur
3982 3987 4274 4050 quaeque
4342 3968 4423 4033 de

1166 4086 1587 4151 Halinrunnis
1647 4092 1981 4150 narrantur
2039 4086 2215 4150 nullo
2273 4084 2461 4149 modo
2521 4085 2606 4150 ad
2666 4085 2951 4150 Priscum
3012 4084 3353 4150 referenda
3409 4085 3499 4149 ita
3568 4086 3706 4169 pari
3771 4091 3990 4151 tenore
4058 4085 4417 4169 decurrunt,

1165 4213 1236 4271 ut
1281 4205 1490 4288 magis
1536 4205 1886 4271 credideris
1932 4205 2094 4270 duas
2141 4206 2539 4271 narrationes
2584 4226 2711 4269 non
2757 4203 3138 4270 conflavisse
3185 4205 3694 4288 Cassiodorium,
3763 4206 3878 4270 sed
3925 4205 4233 4271 conflatas
4277 4216 4425 4273 ante

1164 4326 1583 4410 expilavisse.
1647 4364 1732 4373 —
1791 4326 1969 4390 Haec
2013 4326 2068 4389 si
2114 4332 2283 4391 recte
2330 4325 2657 4410 disputata
2704 4332 2886 4408 sunt,
2953 4325 3075 4391 fuit
3134 4325 3393 4408 quidam
3442 4325 3578 4390 sive
3624 4326 3871 4390 Gothus
3919 4326 4054 4390 sive
4102 4328 4425 4392 Romanus

1165 4448 1534 4512 Graecusve
1582 4446 1851 4511 Gothice
1899 4446 2158 4528 (106106,
2227 4453 2397 4512 66116
2444 4447 2552 4529 001
2597 4446 2836 4531 pariter
2880 4451 3073 4529 61006
3119 4445 3611 4510 Α1061660101116
3654 4453 3784 4511 1166
3831 4446 4088 4530 linguas
4134 4448 4418 4532 calleret,

1164 4569 1418 4633 nomine
1462 4568 1816 4651 Ablabius,
1884 4567 1991 4648 qui
2040 4567 2106 4631 in
2155 4566 2502 4632 Gothorum
2551 4567 2830 4649 origines
2877 4573 2941 4631 et
2985 4586 3086 4633 res
3133 4573 3352 4648 gesta-s
3393 4566 3724 4649 inquirens
3768 4572 3900 4630 tam
3945 4566 4226 4650 ipsorum
4273 4588 4426 4633 660-

1166 4696 1268 4754 1116
1329 4696 1615 4753 vetustos
1674 4688 1738 4752 in
1804 4707 1987 4752 usum
2049 4692 2307 4752 vocaret
2366 4707 2555 4768 quam
2607 4687 2992 4752 Graecorum
3052 4693 3380 4752 auctorum
3439 4686 3861 4751 narrationes.
3955 4707 4079 4771 quo
4140 4695 4421 4772 tempore

1170 4902 1219 4905 ,ἠ
1282 4901 1655 4906 Ἀεὶ-θῶἺβ
1684 4899 1985 4906 Q*

1343 5035 1427 5096 73)
1472 5037 1697 5084 Similem
1737 5037 2041 5085 sententiam
2079 5049 2190 5082 6001
2229 5035 2348 5082 olim
2388 5033 2622 5093 Sybelius
2659 5036 3013 5097 proposuisset,
3057 5038 3227 5082 contra
3261 5035 3396 5082 dixit
3421 5033 3651 5083 Schirren
3689 5050 3739 5097 p.
3772 5034 3836 5083 36
3875 5035 4140 5097 ipsumque
4168 5034 4424 5095 Sybelinm

1174 5124 1493 5185 (Kiiniythum
1530 5123 1611 5172 ed.
1641 5121 1671 5171 2
1708 5137 1756 5184 p.
1797 5121 1909 5183 193)
1952 5124 2050 5170 iam
2089 5122 2239 5168 habet
2275 5122 2661 5169 adsentientem.
2728 5121 2890 5169 nihilo
2926 5122 3097 5168 minus
3134 5122 3220 5168 illa
3255 5123 3425 5182 opinio
3462 5127 3675 5169 eatenus
3713 5121 3832 5167 mihi
3870 5127 4003 5168 certa
4040 5122 4261 5180 videtur,
4302 5136 4426 5182 qua-

1166 5217 1317 5258 tenus
1356 5223 1443 5270 per
1479 5210 1707 5255 barbaras
1743 5208 1833 5256 has
1869 5210 2101 5256 tenebras
2138 5208 2199 5254 ad
2236 5213 2419 5255 certam
2458 5209 2835 5268 persuasionem
2872 5208 3124 5269 perveniri
3163 5213 3347 5268 potest.
3414 5209 3631 5269 primum
3681 5208 3808 5269 quod
3858 5214 4119 5269 opponunt
4156 5209 4424 5256 Ablabium

1168 5310 1268 5344 non
1310 5295 1678 5342 commemorari
1729 5294 1782 5341 in
1819 5295 2114 5354 migratione
2153 5293 2429 5342 Gothorum
2467 5307 2494 5340 e
2536 5291 2749 5340 Scandia
2784 5294 2836 5340 in
2879 5292 3165 5353 Scythiam,
3221 5294 3305 5341 sed
3343 5294 3685 5341 tantummodo
3724 5296 3777 5341 in
3815 5295 3965 5342 rebus
4003 5294 4276 5354 ScythiciS,
4332 5296 4425 5342 ali-

1167 5383 1289 5443 quid
1327 5381 1563 5444 ponderis
1598 5380 1833 5440 haberet,
1874 5381 1915 5426 si
1955 5381 2247 5426 narrationis
2285 5380 2415 5426 alius
2455 5384 2624 5426 auctor
2659 5380 2939 5427 afferretur.
3018 5386 3068 5426 at
3105 5393 3218 5427 6010
3257 5380 3429 5427 nullus
3465 5380 3788 5439 adscribatur,
3830 5393 3928 5428 non
3967 5380 4010 5428 is
4049 5379 4286 5427 Iordanes
4322 5385 4417 5440 est,

1168 5483 1314 5530 quem
1351 5473 1459 5515 tuto
1501 5467 1775 5515 contendas
1825 5479 1882 5513 eo
1930 5466 2036 5527 ipso
2086 5467 2216 5525 loco,
2268 5480 2364 5527 quo
2400 5466 2617 5526 primum
2657 5467 2892 5529 scriptore
2930 5468 3100 5527 aliquo
3138 5466 3330 5526 utitur,
3385 5468 3494 5514 eius
3534 5479 3711 5514 nomen
3750 5467 3997 5528 posuisse.
4073 5466 4257 5514 deinde
4292 5466 4422 5527 quod

1166 5557 1310 5603 aiunt
1346 5555 1447 5602 loco
1484 5555 1711 5614 primario
1746 5567 1789 5601 c.
1830 5551 1881 5611 4,
1918 5551 1983 5600 28
2021 5553 2238 5599 carmina
2274 5552 2544 5599 Gothorum
2583 5566 2678 5600 non
2719 5554 2992 5599 secundnm
3031 5553 3300 5600 Ablabium
3340 5553 3549 5612 landari,
3595 5553 3742 5600 immo
3781 5554 3924 5600 iuxta
3960 5552 4080 5613 poni
4118 5554 4338 5600 carmina
4374 5557 4425 5599 et

1167 5643 1360 5702 ipsum,
1415 5654 1587 5687 verum
1625 5647 1730 5698 est;
1785 5638 1871 5686 sed
1912 5640 1983 5686 ita
2020 5639 2362 5700 compilatores
2399 5651 2570 5685 omnes
2607 5642 2762 5697 agunt
2799 5639 3000 5699 egitque
3045 5640 3154 5699 ipse
3191 5639 3426 5686 Iordanes
3475 5638 3581 5685 sive
3629 5640 3671 5685 is
3710 5639 4052 5686 Cassiodorius
4103 5641 4211 5701 est,
4264 5639 4426 5694 citans

1165 5743 1206 5777 6.
1249 5726 1279 5775 2
1321 5729 1516 5774 Livium
1556 5731 1608 5774 et
1643 5725 1957 5786 Cornelium,
2003 5726 2088 5772 nbi
2126 5725 2326 5772 Tacitus
2363 5724 2620 5771 adhibitus
2657 5730 2735 5772 est
2775 5726 2969 5772 Livium
3008 5724 3232 5773 laudans,
3313 5723 3509 5785 Iosephi
3548 5738 3744 5785 quoqne
3782 5726 3919 5772 locus
3969 5724 4099 5772 haud
4137 5725 4238 5771 scio
4274 5738 4334 5770 an
4374 5728 4427 5771 et

1167 5816 1275 5876 ipse
1311 5828 1376 5861 ex
1416 5813 1626 5860 Ablabio
1664 5813 1714 5859 in
1755 5811 2129 5860 Cassiodoriana
2169 5813 2381 5861 venerit.
