4882 6775
1978 462 2273 520 GETICA.
3636 466 3757 528 135

456 672 459 675 ·
497 654 870 718 Amalorum
918 653 999 719 de
1045 655 1239 738 stirpe
1287 654 1801 729 descendentem,
1857 654 1922 718 in
1962 653 2205 738 Spania
2248 652 2419 736 degi,
2471 652 2739 718 iuvenili
2784 658 2995 716 aetate
3040 650 3385 734 prudentia
3430 660 3495 718 et
3525 653 3756 719 virtute
3801 651 4012 716 LVIII

396 1597 454 1636 10

394 2111 452 2151 15

388 2625 448 2667 20

498 757 903 841 corporisque
946 757 1315 840 integritate
1361 758 1735 842 pollentem.
1816 756 1902 821 ad
1948 777 2016 822 se
2063 776 2208 821 eum
2254 756 2411 820 facit
2454 756 2674 821 venire
2721 755 2906 837 eique
2938 755 3512 820 Amalasuentham
3558 756 3758 821 filiam

499 878 681 924 suam
748 860 813 924 in
872 860 1273 924 matrimonio
1346 860 1572 943 iungit.
1685 866 1750 925 et
1798 865 1869 923 ut
1934 860 2002 924 in
2065 860 2325 943 plenum
2399 878 2583 923 suam
2645 857 3017 942 progeniem
3078 857 3411 939 dilataret,
3489 859 3756 923 Amala-
3800 858 3926 921 299

498 962 728 1027 fridam
777 954 1149 1044 germanam
1196 982 1378 1027 suam
1424 969 1691 1027 matrem
1738 961 2198 1041 Theodahadi,
2252 962 2361 1044 qui
2405 970 2633 1046 postea
2677 982 2789 1026 rex
2835 960 2989 1041 fuit,
3042 961 3266 1025 Africa
3309 962 3450 1042 regi
3496 961 3759 1026 Vanda-

487 1067 701 1130 lorum
749 1065 1022 1157 coniuge
1068 1066 1288 1150 dirigit
1319 1064 1807 1130 Thrasamundo
1851 1065 2179 1148 filiamque
2226 1064 2367 1130 eius
2411 1071 2671 1149 neptem
2720 1084 2904 1129 suam
2935 1064 3435 1147 Amalabergam
3478 1064 3758 1128 Thurin-

496 1188 719 1251 gorum
768 1169 908 1251 regi
952 1168 1271 1233 consociat
1317 1167 1829 1231 HerminefredO.
1924 1168 2278 1233 Pitzamum
2325 1187 2579 1248 quoque
2627 1187 2810 1231 suum
2858 1166 3149 1231 comitem
3196 1175 3262 1232 et
3305 1168 3471 1233 inter
3513 1167 3752 1252 primos
3800 1168 3925 1233 300

496 1271 769 1336 electum
832 1270 915 1335 ad
975 1270 1382 1336 obtinendam
1432 1270 1842 1334 Sirmiensem
1903 1269 2125 1352 dirigit
2183 1269 2531 1334 civitatem.
2640 1290 2832 1351 quam
2889 1269 3002 1334 ille
3062 1271 3336 1354 expulso
3396 1290 3549 1351 rege
3611 1269 3753 1335 eius

494 1374 854 1449 TrasaricO,
906 1374 1038 1438 filio
1082 1374 1472 1457 Trapstilae,
1528 1379 1772 1437 retenta
1817 1373 1958 1436 eius
2005 1380 2206 1437 matre
2252 1372 2544 1437 obtinuit.
2656 1371 2806 1436 inde
2858 1380 3078 1438 contra
3125 1373 3548 1441 Savinianum
3593 1373 3754 1456 Illy-

494 1477 694 1541 ricum
741 1497 912 1559 mag.
952 1477 1112 1556 mil.‚
1166 1477 1273 1558 qui
1318 1483 1471 1541 tunc
1517 1495 1658 1540 cum
1690 1475 2011 1540 Mundone
2058 1483 2400 1559 paraverat
2446 1473 2832 1554 conflictum,
2888 1474 2973 1539 ad
3019 1476 3340 1541 civitatem
3374 1476 3752 1558 cognomine

494 1580 719 1662 Margo
763 1580 1063 1663 planum,
1127 1599 1291 1662 quae
1349 1580 1518 1655 inter
1562 1578 1929 1643 Danubium
1978 1579 2397 1661 Margumque
2450 1577 2824 1644 fluminibus
2870 1577 3241 1659 adiacebat,
3313 1599 3454 1644 cum
3501 1579 3754 1644 duobus

494 1683 756 1748 milibus
801 1703 954 1765 ergo
998 1682 1316 1767 peditum,
1388 1681 1707 1765 equitibus
1767 1681 2135 1764 quingentis
2179 1682 2247 1744 in
2291 1681 2637 1746 Mundonis
2698 1682 2941 1746 solacia
2999 1682 3268 1747 veniens
3312 1682 3753 1765 Illyricianum

494 1786 842 1850 exercitum
890 1785 1240 1850 demolivit.
1336 1803 1483 1847 nam
1530 1784 1633 1848 hic
1676 1783 1913 1848 Mundo
1960 1783 2041 1848 de
2087 1784 2394 1849 Attilanis
2440 1783 2765 1866 quondam
2812 1784 3058 1867 origine
3104 1784 3503 1850 descendens
3550 1784 3753 1868 Gepi-

495 1888 720 1952 darum
766 1896 1024 1970 gentem
1069 1887 1329 1970 fugiens
1378 1887 1546 1951 ultra
1576 1887 2062 2000 Danubiumfiin
2106 1887 2364 1952 incultis
2410 1888 2571 1952 locis
2620 1887 2758 1952 sine
2804 1886 2958 1952 ullis
3002 1894 3211 1953 terrae
3258 1888 3606 1953 cultoribus
3653 1886 3755 1951 di-

494 2000 769 2074 vagatus
831 1998 896 2056 et
953 1991 1274 2073 plerisque
1338 1990 1744 2054 abactoribus
1804 1991 2239 2073 scamarisque
2286 1997 2348 2055 et
2395 1989 2753 2055 latronibus
2799 1990 3241 2073 undecumque
3289 1991 3575 2056 collectis
3619 1998 3755 2056 tur-

493 2114 625 2159 rem
693 2114 860 2176 quae
921 2095 1119 2158 Herta
1186 2093 1420 2158 dicitur
1485 2112 1678 2176 super
1735 2093 2017 2157 Danubii
2073 2093 2274 2177 ripam
2337 2094 2612 2177 positam
2670 2111 2990 2176 occupans
3055 2093 3273 2177 ibique
3332 2094 3575 2176 agresti
3628 2094 3754 2158 ritu

491 2198 896 2282 praedasque
955 2197 1286 2261 innectens
1346 2195 1574 2260 vicinis
1645 2191 1860 2278 regem
1928 2216 1997 2261 se
2061 2196 2198 2260 suis
2258 2196 2735 2278 grassatoribus
2786 2195 3046 2260 fecerat.
3145 2197 3316 2261 hunc
3372 2217 3525 2279 ergo
3585 2215 3754 2281 pene

494 2301 903 2385 desperatum
966 2307 1031 2365 et
1085 2300 1214 2363 iam
1275 2299 1355 2363 de
1401 2298 1740 2363 traditione
1787 2318 1906 2362 sua
1953 2298 2418 2363 deliberantem
2465 2300 2662 2364 Petza
2708 2299 3096 2363 subveniens
3142 2320 3177 2365 e
3223 2300 3520 2365 manibus
3567 2300 3756 2365 Savi-

491 2404 671 2468 niani
731 2403 993 2487 eripuit,
1065 2422 1306 2485 suoque
1361 2402 1499 2483 regi
1559 2401 1954 2467 Theodorico
2017 2423 2161 2467 cum
2220 2402 2570 2484 gratiarum
2632 2402 2882 2467 actione
2941 2402 3097 2467 fecit
3151 2401 3532 2467 subiectum.
3625 2423 3752 2468 non
3798 2408 3923 2470 302

491 2507 733 2571 minore
779 2513 999 2589 tropeo
1031 2506 1111 2570 de
1158 2504 1423 2569 Francis
1469 2523 1586 2587 per
1616 2504 1864 2583 Ibbam,
1921 2524 2105 2569 suum
2153 2504 2469 2584 comitem,
2522 2504 2591 2568 in
2623 2503 2856 2568 Galliis
2899 2503 3256 2585 adquisivit
3298 2507 3444 2589 plus
3489 2507 3754 2589 triginta

488 2610 670 2674 milia
716 2610 1101 2673 Francorum
1158 2608 1225 2672 in
1271 2608 1517 2691 proelio
1578 2626 1797 2672 caesa.
1890 2628 2040 2671 narn
2103 2614 2167 2671 et
2209 2607 2530 2671 Thiudem
2594 2627 2778 2671 suum
2837 2606 3227 2689 armigerum
3287 2616 3431 2692 post
3487 2617 3752 2674 mortem

488 2712 730 2777 Alarici
775 2710 998 2794 generi
1050 2716 1318 2775 tutorem
1363 2710 1433 2774 in
1481 2710 1760 2794 Spaniae
1808 2730 2008 2793 regno
2052 2710 2401 2775 Amalarici
2447 2710 2698 2794 nepotis
2753 2711 3098 2775 constituit.
3194 2711 3303 2794 qui
3347 2712 3751 2778 Amalaricus

488 2815 557 2879 in
601 2816 746 2899 ipsa
790 2813 1219 2879 aduliscentia
1248 2814 1638 2878 Francorum
1684 2813 2023 2878 fraudibus
2069 2813 2361 2879 inretitus
2408 2833 2680 2896 regnum
2713 2833 2857 2877 cum
2887 2813 3023 2879 vita
3051 2814 3289 2879 amisit.
3370 2823 3517 2899 post
3560 2835 3751 2900 quem

487 2916 764 2983 Thiudis
808 2922 981 2981 tutor
1025 2916 1249 2981 eodem
1293 2937 1492 2998 regno
1536 2916 1678 2999 ipse
1720 2916 2056 2995 invadens,
2115 2917 2503 2981 Francorum
2550 2916 2925 2981 insidiosam
2960 2917 3347 2982 calumniam
3381 2919 3462 2983 de
3494 2919 3753 3004 Spaniis

663 3195 717 3242 H
743 3195 920 3256 (deficit
946 3193 976 3242 6
1002 3194 1107 3252 regi
1130 3193 1268 3254 foliis
1292 3196 1518 3241 extremis
1542 3193 1746 3251 avulsis)
1779 3192 1823 3239 P
1852 3192 1894 3238 V
1915 3194 1960 3239 A
1992 3191 2034 3238 O
2060 3192 2105 3238 Β
2133 3193 2179 3238 Χ
2208 3192 2279 3251 (Y
2299 3191 2380 3251 Z).
2459 3192 2647 3239 Paulus
2685 3193 2719 3240 l.
2761 3208 2804 3240 c.
2849 3192 2932 3253 (αά
2968 3191 2999 3240 6
3037 3194 3458 3254 Herminefredo).
3542 3198 3637 3257 16,
3685 3196 3751 3244 10

490 3284 543 3343 (α
585 3279 645 3330 18
685 3294 781 3328 non
823 3282 1056 3341 minore).
1134 3278 1399 3338 Freculfus
1436 3279 1468 3327 l.
1511 3293 1552 3326 c.
1603 3278 1683 3340 (ad
1719 3277 1749 3326 6
1786 3278 2210 3338 Herminefredo).

665 3436 686 3485 1
729 3450 791 3484 ex
832 3436 1165 3483 Alamalorum
1202 3437 1358 3496 stirpe
1396 3435 1590 3481 Paulus
1619 3436 1696 3492 15,
1730 3434 1796 3479 20
2004 3433 2211 3494 espania
2240 3431 2298 3493 O,
2342 3432 2572 3494 hispania
2597 3434 2739 3481 ABX
2751 3434 2790 3480 Y
2989 3434 3168 3493 degere
3195 3434 3286 3482 AB
3493 3437 3749 3485 iuuenilis

482 3528 649 3572 aetate
684 3523 724 3570 V
932 3520 962 3569 2
998 3522 1251 3582 polentem
1278 3520 1332 3567 H
1503 3520 1562 3566 ad
1588 3532 1641 3567 se
1666 3533 1781 3566 eum
1805 3518 1925 3566 facit
1955 3517 2119 3576 (POX
2130 3519 2177 3579 Y,
2211 3519 2329 3565 fecit
2353 3519 2566 3581 HVAB)
2600 3534 2650 3570 u.
2682 3514 2854 3584 eique]
2878 3533 3027 3580 quem
3054 3520 3113 3567 ad
3141 3535 3195 3568 se
3223 3522 3398 3569 uenire
3421 3523 3609 3570 faciens
3635 3524 3747 3570 eius

483 3611 531 3656 A
742 3602 1191 3671 amalasuentham]
1214 3606 1411 3653 HPBX
1419 3607 1469 3665 Y,
1499 3605 1887 3653 amalasuentam
1913 3607 1974 3660 A,
2006 3611 2349 3653 amasuentam
2379 3605 2436 3666 Ο,
2470 3606 2866 3654 malasuentham
2903 3606 2969 3651 V.-
3008 3607 3391 3655 Amalasuintha
3415 3607 3608 3656 Pardus
3633 3611 3680 3658 l.‘
3698 3625 3742 3658 c.

482 3695 514 3744 3
552 3691 637 3760 in]
671 3695 732 3742 ad
770 3693 830 3754 Β,
873 3707 969 3740 om.
1004 3693 1047 3740 Ο
1315 3692 1637 3739 matrimoniu
1676 3690 1765 3752 A‘,
1807 3693 2121 3739 matrimonia
2157 3677 2229 3738 Ab
2494 3692 2845 3740 amalafredam
2885 3691 2991 3750 OB,
3038 3695 3361 3743 Amalafreda
3396 3694 3586 3743 Paulus
3621 3696 3657 3744 l.
3697 3710 3742 3744 c.

480 3780 515 3829 4
552 3781 771 3828 theodati
814 3778 905 3827 OB
1180 3773 1356 3843 africa]
1391 3777 1597 3838 HPVA,
1650 3778 1821 3825 affrica
1861 3776 1919 3838 Ο,
1965 3777 2147 3825 africae
2182 3777 2246 3836 B,
2287 3778 2339 3823 in
2377 3779 2579 3825 africam
2621 3777 2715 3824 ΧΥ
2987 3778 3016 3825 5
3055 3777 3287 3846 coniuge]
3324 3781 3437 3843 HV,
3485 3783 3748 3842 coniugem

481 3866 770 3915 ΡΑΟΒΧΥ
978 3865 1295 3912 trasamundo
1323 3863 1573 3922 PVAOY,
1614 3862 1961 3911 trassamundo
1985 3864 2047 3922 Β,
2089 3863 2446 3911 transamundo
2471 3864 2581 3926 ΧΖ,
2624 3864 2996 3912 Transemundo
3020 3864 3152 3913 Frec.
3369 3880 3466 3927 quc
3503 3881 3599 3917 om.
3635 3868 3678 3916 Ο

478 3958 719 4013 nepotem
759 3953 821 4009 A,
866 3956 1071 4014 neptam
1112 3949 1155 3997 Ο
1364 3945 1749 4014 amalabergam]
1785 3948 1897 3996 libri
1932 3955 1977 3996 et
2014 3949 2166 3997 Pauli
2201 3949 2320 3996 liber
2355 3953 2573 4009 optimus
2611 3956 2657 3999 ct
2695 3949 2971 4009 stcculfus,
3014 3951 3296 4011 maleberga
3335 3951 3485 4001 Pauli
3521 3953 3633 4001 libri
3666 3968 3745 4002 re·

478 4041 606 4101 liqui
817 4038 1130 4096 turingorum
1168 4035 1280 4094 Ao,
1321 4036 1663 4095 thoringorum
1705 4034 1840 4081 ΧΥΖ
2047 4034 2079 4083 6
2118 4031 2385 4100 consociat]
2422 4037 2668 4084 consortia
2696 4036 2739 4084 Ο
2946 4035 3308 4086 hermemfredo
3334 4039 3393 4099 B,
3438 4040 3747 4088 ermenfredo

478 4125 577 4172 AO
601 4129 646 4174 et
670 4126 740 4172 aie
766 4123 961 4171 Paulus
985 4122 1018 4170 l.
1049 4136 1115 4181 c.,
1156 4122 1475 4169 Ermenfrido
1514 4121 1669 4182 Fran,
1712 4120 2020 4169 ermeredido
2050 4121 2185 4168 XYZ
2394 4118 2697 4187 pitzamum]
2734 4109 2876 4182 PbV,
2919 4124 3198 4184 pitaamum
3227 4123 3325 4182 1²⁰,
3368 4125 3647 4186 pizzamum
3677 4127 3741 4187 A,

474 4212 732 4273 petzamin
772 4209 835 4271 Β,
876 4209 1121 4270 pitzamin
1161 4207 1222 4266 0,
1266 4207 1456 4267 pitzam
1494 4206 1635 4253 ΧΥΖ
1881 4221 2003 4256 com.
2048 4221 2197 4254 suum
2234 4208 2278 4253 A
2531 4214 2582 4256 et
2619 4223 2716 4257 om.
2751 4208 2842 4254 OB
3090 4206 3120 4256 8
3161 4212 3432 4257 transarico
3464 4209 3568 4274 OB,
3611 4214 3749 4260 thra-

477 4297 636 4346 sarico
672 4296 814 4344 ΧΥΖ
1089 4294 1317 4354 trapetile
1359 4292 1402 4340 Ο
1439 4297 1483 4341 et
1522 4290 1710 4339 Paulus
1749 4295 1829 4351 15,
1877 4294 1970 4355 15,
2031 4293 2278 4341 trafstilae
2316 4293 2420 4356 PV,
2482 4295 2754 4354 trasti11a)e
2790 4294 2900 4354 AB,
2959 4294 3214 4343 thrastilae
3250 4296 3386 4342 ΧΥΖ
3661 4312 3747 4360 op·

474 4385 670 4431 tinauit
707 4381 754 4429 P
956 4380 1177 4440 indeque
1218 4378 1355 4426 ΟΒΧ
1366 4378 1405 4424 Υ
1610 4374 1955 4444 sauinianum]
1991 4378 2337 4440 ΡΥΑΟΧΥΖ,
2377 4380 2636 4427 sabianum
2675 4379 2720 4425 Β
2951 4378 2982 4427 9
3020 4379 3130 4441 ειη-ς
3167 4363 3282 4447 mil]
3304 4381 3409 4438 ΡΥ,
3451 4383 3748 4442 magistrum

474 4469 702 4517 militum
730 4467 840 4526 AX,
884 4467 1117 4526 magistro
1142 4466 1362 4513 militiae
1395 4464 1454 4522 Ο,
1497 4466 1786 4524 magistrum
1812 4464 2029 4512 miliciae
2055 4464 2118 4526 Β,
2148 4478 2244 4512 om.
2285 4465 2326 4511 Y
2529 4480 2642 4513 cum
2668 4479 2765 4513 om.
2798 4466 2845 4512 X
3050 4468 3299 4515 mandene
3328 4468 3419 4514 XZ
3455 4470 3574 4527 (non
3605 4471 3670 4531 Y)

474 4570 505 4603 a
540 4555 757 4603 ciuitate
797 4553 842 4599 A
1068 4550 1129 4600 10
1164 4565 1329 4610 margo
1371 4552 1547 4610 (marco
1573 4547 1662 4612 A“)
1705 4546 1937 4615 planum]
1975 4550 2129 4612 PVA,
2172 4565 2335 4610 margo
2372 4552 2521 4613 plano
2563 4551 2749 4599 ΟΒΧΥ
2953 4549 3307 4619 margumque]
3343 4556 3746 4618 marcianumque

480 4639 577 4690 OB
788 4633 1107 4703 fluminibus]
1144 4636 1301 4696 PVO,
1342 4637 1551 4684 flumina
1587 4635 1774 4683 ΑΒΧΥ
1984 4635 2040 4684 11
2084 4649 2198 4696 ergo
2234 4650 2332 4685 om.
2363 4638 2456 4685 AB
2665 4640 3025 4700 equitibusque
3063 4654 3111 4701 q.
3158 4640 3216 4701 Χ,
3261 4641 3460 4701 equites
3498 4644 3748 4703 quingen·

473 4733 556 4776 tos
599 4726 643 4773 0
874 4725 1036 4772 solatii
1075 4724 1120 4770 A
1372 4721 1434 4770 12
1470 4722 1736 4770 demolitus
1773 4728 1852 4770 est
1888 4724 1932 4769 A
2171 4724 2233 4771 de
2269 4737 2363 4772 om.
2400 4723 2490 4771 OB
2715 4727 2914 4774 attilani
2952 4726 3063 4786 AZ,
3103 4727 3314 4775 attilana
3351 4727 3445 4773 XY
3664 4728 3746 4775 di-

474 4812 730 4862 scendens
772 4811 815 4859 0
1029 4808 1090 4857 13
1128 4813 1278 4870 gente
1315 4808 1360 4854 P
1562 4809 1616 4856 in
1654 4822 1748 4856 om.
1782 4808 1920 4856 ΧΥΖ
2129 4810 2423 4858 dibachatur
2467 4809 2524 4871 Ο,
2569 4811 2872 4859 debachatur
2907 4812 2954 4858 B
3178 4811 3239 4860 14
3275 4810 3551 4879 plerisque]
3587 4815 3747 4875 pluris

473 4900 589 4962 ΧΖ,
630 4899 862 4961 pluribus
908 4896 948 4942 Y
1183 4891 1396 4960 turrem]
1436 4893 1732 4956 PVOXYZ,
1770 4897 1948 4942 turrim
1986 4896 2081 4942 AB
2331 4894 2392 4944 15
2428 4897 2578 4944 horca
2617 4897 2714 4944 ΧΥ
2950 4912 3048 4959 que
3082 4913 3178 4947 om.
3209 4900 3253 4945 A
3485 4901 3661 4947 acresti
3704 4899 3747 4946 Ο

480 4984 543 5035 16
578 4978 914 5049 praedasque]
952 4981 1154 5040 PVAX,
1192 4980 1399 5042 praedas
1439 4979 1598 5040 BYZ,
1636 4982 1849 5041 predans
1891 4980 1933 5027 Ο
2166 4987 2439 5030 annectens
2477 4984 2525 5030 X
2535 4982 2563 5009 ‘⁸
2795 4986 3150 5033 crassatoribus
3188 4984 3326 5032 PVA
3535 4981 3746 5051 fecerat]

472 5085 688 5134 occupas
721 5070 782 5129 Ο,
825 5074 1083 5130 nuncupat
1107 5068 1152 5114 Β
1365 5065 1424 5114 17
1464 5067 1768 5126 disperatum
1802 5065 1845 5112 Ο
2057 5081 2176 5115 suae
2207 5066 2248 5114 Ο
2458 5066 2629 5136 petza]
2668 5069 2817 5132 PVX,
2859 5077 3054 5133 petzam
3098 5070 3156 5133 O,
3199 5086 3353 5134 pezza
3389 5072 3448 5133 Β,
3490 5075 3636 5132 pizza
3675 5072 3739 5132 A,

472 5160 619 5220 pitza
662 5158 704 5204 Y
910 5150 962 5220 e]
1000 5154 1061 5201 de
1098 5153 1194 5201 ΧΥ
1398 5152 1657 5200 saueniani
1699 5149 1759 5211 Ο,
1801 5153 2050 5199 sabiniani
2088 5152 2135 5198 B
2347 5153 2407 5203 18
2446 5168 2544 5202 non
2584 5158 2775 5204 minore
2813 5163 2980 5218 tropeo
3020 5159 3268 5220 (tropeum
3310 5157 3366 5219 Ο,
3410 5160 3616 5220 tropheo
3641 5159 3690 5205 X
3704 5152 3747 5222 )]

473 5243 682 5304 PVOX,
727 5256 826 5290 non
866 5242 1111 5288 minorem
1145 5241 1411 5302 tropheum
1450 5238 1558 5296 BZ,
1599 5250 1694 5284 non
1734 5238 1901 5285 minus
1938 5238 2204 5298 tropheum
2241 5241 2304 5293 A.
2346 5254 2441 5288 nec
2479 5242 2722 5289 minorem
2759 5242 3073 5305 triumphum
3121 5242 3161 5289 Υ
3455 5244 3516 5292 is
3552 5241 3742 5311 ibbam]

473 5329 664 5377 PVXZ
691 5343 806 5376 cum
832 5325 993 5374 Paulo
1022 5329 1103 5387 16,
1138 5327 1217 5386 10,
1259 5326 1461 5372 hibbam
1507 5322 1610 5381 OB,
1654 5324 1782 5370 ibam
1821 5325 1883 5382 A,
1926 5324 2091 5370 bibam
2139 5324 2178 5370 Y
2382 5325 2527 5384 gallis
2565 5326 2714 5388 adqu.
2758 5327 2818 5388 X,
2861 5329 3035 5387 galleis
3071 5329 3358 5390 adquesiuit
3400 5328 3442 5375 O
3649 5331 3743 5377 tri-

471 5421 627 5476 genta
665 5415 711 5462 P
941 5411 1008 5461 20
1045 5412 1249 5460 milibus
1286 5411 1347 5458 fr.
1388 5412 1445 5457 in
1482 5425 1556 5471 pr.
1597 5409 1724 5457 cesis
1762 5409 1853 5455 AB
2081 5415 2133 5456 et
2168 5405 2417 5475 thiudem]
2456 5416 2507 5457 et
2544 5412 2764 5460 thiodem
2803 5413 2862 5474 Β,
2906 5414 3157 5461 ethiodem
3201 5414 3260 5473 Ο,
3303 5420 3355 5461 et
3389 5414 3624 5464 theudem
3663 5417 3743 5462 A.-

473 5502 727 5551 'l'hiodem
756 5500 949 5548 Paulus
973 5499 1008 5546 l.
1038 5512 1081 5545 c.
1295 5494 1353 5544 21
1400 5497 1454 5543 in
1478 5509 1574 5544 om.
1608 5495 1741 5542 XYZ
1947 5495 2207 5555 hispaniae
2234 5496 2375 5542 ABX
2383 5496 2424 5540 Y
2630 5496 2905 5564 amalarici]
2929 5501 3097 5547 alarici
3123 5500 3168 5546 Β
3313 5513 3322 5522 ·
3373 5502 3605 5549 instituit
3632 5502 3674 5549 O

470 5588 565 5650 qui
594 5625 606 5637 .
641 5624 653 5636 .
689 5624 701 5636 .
732 5586 798 5635 22
824 5586 995 5633 amisit
1017 5596 1113 5632 om.
1138 5584 1183 5630 Β
1390 5581 1456 5629 22
1493 5582 1652 5641 ipsam
1686 5580 1729 5628 Ο
1937 5577 2293 5645 aduliscentia]
2330 5580 2439 5643 ΡΟ,
2481 5584 2812 5632 adolescentia
2837 5587 2922 5633 rel.
3137 5588 3379 5635 fracorum
3413 5585 3455 5632 O
3662 5590 3745 5635 in·

470 5674 653 5722 retitos
682 5672 726 5720 Ο
935 5677 1198 5733 postquam
1234 5668 1277 5715 B
1487 5665 1553 5715 23
1590 5667 1774 5714 thiodis
1817 5666 1920 5727 ΟΒ,
1966 5668 2134 5714 tendis
2173 5667 2217 5712 A
2425 5668 2599 5715 eodem
2638 5665 2815 5735 regno]
2853 5670 3009 5732 PVO,
3047 5686 3217 5720 eorum
3255 5685 3463 5731 regnum
3505 5675 3563 5736 A,
3607 5676 3745 5722 eius-

471 5761 591 5808 dem
626 5771 840 5818 regnum
867 5756 926 5818 Β,
969 5756 1102 5803 idem
1140 5767 1345 5814 regnum
1377 5752 1517 5799 XYZ
1722 5747 1852 5816 ipse]
1889 5751 2237 5811 PVAOXYZ,
2277 5753 2444 5813 ipsum
2482 5752 2526 5799 Β
2737 5755 2975 5803 sracorum
3020 5755 3062 5803 Ο
3272 5758 3518 5820 hispaniis
3555 5760 3747 5808 ABXY
