4882 6775
1870 489 2326 546 PROOEMIVM.
2977 512 2988 521 ·
3438 484 3726 549 XXXIX

472 712 726 793 vixerit,
780 733 1002 796 parum
1049 718 1328 790 constat3
1382 713 1765 781 crediderim
1809 721 2023 779 tamen
2071 713 2405 799 scripsisse
2437 734 2582 779 eum
2614 733 2738 778 non
2770 711 3039 777 multum
3071 715 3221 775 ante
3253 708 3727 775 Cassiodorium

471 840 784 915 regnante
830 832 1262 912 Theoderic0‚
1339 839 1489 899 ante
1535 853 1724 916 quem
1771 836 2196 900 Romanorum
2244 834 2722 917 Gothorumque
2768 831 3168 897 coniunctum
3213 850 3480 913 regnum
3526 829 3730 894 stabi-

474 953 734 1018 lientem
781 953 889 1017 vix
935 951 1241 1018 credibile
1287 959 1387 1018 est
1434 953 1640 1019 virum
1687 956 1939 1020 doctum
1987 954 2123 1020 sive
2169 955 2447 1020 Gothum
2495 954 2632 1019 sive
2678 954 3035 1017 Romanum
3081 951 3211 1015 tale
3256 970 3416 1034 opus
3461 968 3729 1032 aggres-

472 1092 689 1137 surum
749 1071 973 1137 fuisse.
1069 1072 1218 1137 huic
1261 1073 1596 1156 probabile
1642 1081 1742 1141 est
1785 1074 2126 1139 maximam
2174 1081 2238 1139 et
2283 1073 2687 1140 utilissimam
2748 1080 2992 1158 partem
3052 1070 3356 1136 historiae
3417 1070 3729 1135 Gothicae

474 1191 1006 1258 Cassiodorianae
1054 1192 1307 1273 deberi,
1376 1214 1581 1277 neque
1640 1194 2058 1260 omittendum
2106 1194 2475 1280 primariam
2519 1194 2729 1279 operis
2776 1192 3155 1258 divisionem
3203 1190 3552 1256 secundum
3601 1197 3729 1256 tres

470 1311 819 1378 Gothorum
886 1313 1075 1378 sedes
1142 1313 1415 1379 relatam
1490 1335 1546 1380 c.
1600 1322 1670 1395 5,
1726 1318 1979 1379 38-42
2045 1314 2171 1399 ipsi
2228 1313 2506 1380 Ablabio
2571 1313 3041 1397 quodammodo
3107 1317 3437 1396 acceptam
3505 1309 3730 1376 referri

480 1434 554 1514 (c.
612 1436 710 1515 14,
764 1435 899 1516 82).
993 1432 1372 1515 singillatim
1419 1435 1783 1501 Ablabiana
1829 1442 1897 1500 ut
1940 1454 2397 1520 persequamur
2440 1455 2830 1517 quamquam
2875 1433 3012 1500 fieri
3058 1453 3183 1498 non
3230 1438 3460 1517 potest,
3513 1438 3727 1497 tamen

475 1552 585 1617 ubi
629 1550 714 1617 ad
758 1552 1088 1619 cantiones
1147 1553 1458 1619 maiorum
1524 1563 1899 1639 provocatur
1966 1557 2056 1637 (ut
2099 1555 2180 1620 de
2234 1554 2556 1640 capillatis
2617 1575 2672 1620 c.
2732 1559 2829 1635 11,
2878 1555 2976 1636 72)
3046 1554 3355 1635 legesque
3415 1550 3726 1617 Gothicae

466 1672 803 1755 helagines
862 1681 1432 1739 commemorantur
1486 1675 1562 1759 (c.
1608 1680 1706 1759 11,
1746 1680 1845 1759 69)
1904 1683 2015 1742 aut
2056 1675 2381 1740 nominum
2427 1674 2671 1740 formae
2715 1674 2989 1760 produnt
3035 1672 3407 1757 scriptorem
3454 1672 3725 1738 Gothice

466 1791 738 1873 doctum,
792 1793 861 1858 id
906 1794 1075 1877 quod
1121 1794 1292 1860 eadit
1343 1795 1407 1859 in
1471 1796 1961 1881 descriptionem
2009 1795 2326 1861 Scandiae
2383 1796 2460 1876 (c.
2508 1798 2562 1879 3)
2619 1803 2685 1861 6ι
2743 1802 3013 1860 stemma
3057 1793 3430 1858 Amalorum
3485 1795 3557 1877 (c.
3621 1796 3714 1876 14)

468 1919 532 1978 6ι
577 1912 974 1997 Gepidarum
1022 1914 1333 1998 originem
1391 1917 1466 1998 (c.
1525 1919 1621 2002 17)
1677 1924 1741 1982 et
1784 1936 2119 1982 recensum
2165 1916 2544 2000 populorum
2588 1915 2655 1980 in
2709 1914 2958 1981 dicione
3003 1912 3445 1979 Hermanarici
3490 1911 3725 1977 consti-

466 2039 765 2099 tutorum*
808 2035 883 2114 (c.
940 2038 1042 2117 23,
1103 2037 1288 2119 116),
1350 2036 1440 2102 ibi
1487 2037 1820 2121 probabile
1866 2043 1965 2102 est
2008 2036 2349 2102 Ablabium
2396 2042 2720 2102 auctorem
2767 2036 3054 2100 subesse.

638 2153 854 2218 XXII.
906 2155 1327 2221 Symmacnvs
1381 2157 1482 2221 ‘in
1524 2157 1748 2240 quinto
1793 2156 2096 2222 historiae
2142 2157 2331 2223 libro'
2383 2177 2439 2221 c.
2497 2161 2595 2238 15,
2652 2160 2731 2221 83
2791 2155 2890 2238 (cf.
2943 2175 2997 2219 c.
3045 2156 3144 2237 88)
3200 2153 3396 2220 vitam
3444 2152 3721 2237 impera·
3751 2165 4032 2218 Symmachus

465 2274 618 2339 toris
662 2274 996 2339 Maximini
1041 2276 1383 2341 enarravit.
1479 2277 1832 2343 secundum
1877 2277 2259 2343 anecdotum
2307 2277 2450 2342 cod.
2503 2274 3017 2343 Caroliruhensis
3083 2274 3267 2358 (infra
3323 2295 3389 2358 p.
3437 2273 3716 2357 XXXX)

466 2395 890 2479 Symmachus
958 2396 1176 2461 consul
1243 2396 1603 2463 ordinarius
1664 2419 1726 2463 a.
1778 2400 1904 2461 485
1980 2399 2145 2482 (eum
2204 2398 2371 2464 enim
2434 2396 2784 2481 significari
2845 2403 3017 2462 recte
3072 2394 3396 2461 intellexit
3452 2395 3714 2476 Vsener)

475 2517 812 2599 ‘parentes
857 2535 1007 2581 suos
1053 2516 1338 2582 imitatus
1385 2516 1716 2583 historiam
1765 2538 2018 2599 quoque
2052 2519 2401 2582 Romanam
2450 2524 2696 2602 septem
2730 2516 2909 2582 libris
2941 2515 3190 2596 edidit‘,
3246 2515 3427 2580 cuius
3472 2521 3727 2599 praeter

466 2634 943 2701 Cassiodorium
988 2656 1177 2702 nemo
1220 2637 1529 2703 meminit.
1623 2639 1800 2703 locus
1844 2658 2032 2721 quem
2080 2639 2365 2704 servavit
2408 2637 2716 2704 Iordanes
2763 2657 2904 2702 cum
2951 2636 3035 2702 ad
3080 2635 3345 2701 verbum
3393 2634 3529 2701 fere
3573 2656 3726 2700 con-

465 2753 686 2821 veniat
729 2775 870 2820 cum
918 2756 1298 2838 narratione,
1354 2778 1547 2839 quam
1593 2758 1870 2840 legimus
1914 2778 2029 2823 nos
2071 2758 2138 2823 in
2183 2758 2317 2824 vita
2345 2758 2680 2823 Maximini
2724 2757 2972 2842 corpori
3011 2756 3389 2840 scriptorum
3420 2755 3726 2821 historiae

463 2876 795 2957 Augustae
853 2875 1095 2942 inserta
1155 2878 1274 2942 sub
1335 2878 1590 2943 nomine
1635 2878 1787 2943 Iulii
1833 2878 2218 2963 Capitolini,
2283 2878 2407 2944 nisi
2457 2880 2627 2962 quod
2671 2877 3176 2944 Christianorum
3222 2876 3724 2961 persecutionem

464 2995 815 3061 Maximino
861 2997 1204 3080 exprobrat
1234 2997 1656 3082 Symmachus
1701 3004 1960 3065 secutus
1989 3004 2282 3065 auctores
2312 2999 2695 3066 christianos
2737 2997 3077 3080 (Eusebius
3107 2996 3260 3062 hist.
3298 2998 3457 3062 eccl.
3496 3000 3552 3077 6,
3597 3000 3714 3073 28;

461 3116 644 3182 Oros,
696 3121 754 3197 7,
815 3119 913 3201 19)
984 3137 1254 3201 eamque
1315 3118 1540 3184 ruinae
1598 3119 1738 3185 eius
1799 3139 2057 3185 causam
2120 3119 2324 3185 fuisse
2368 3118 2462 3186 ait
2505 3118 2713 3201 magis
2758 3138 2875 3204 pro
2921 3137 3039 3183 sua
3083 3117 3324 3201 pietate
3369 3138 3560 3200 quam
3607 3138 3720 3202 pro

458 3236 727 3303 veritate
773 3237 885 3319 rei,
945 3236 1206 3303 dubium
1253 3258 1379 3303 non
1425 3245 1522 3304 est
1567 3258 1649 3304 ex
1691 3239 1805 3305 illo
1850 3259 2109 3324 corpore
2156 3240 2611 3324 Symmachum
2659 3258 2777 3303 sua
2822 3245 3178 3303 mutuatum
3224 3256 3392 3303 esse.

635 3358 884 3422 XXIII.
935 3357 1427 3424 ConsvnAva
1473 3359 1748 3444 vestigia
1791 3359 1855 3426 in
1890 3359 2155 3445 Geticis,
2210 3360 2457 3427 scilicet
2499 3360 2565 3426 in
2610 3364 2791 3444 parte
2835 3378 3003 3443 quae
3035 3356 3426 3424 Cassiodorii
3471 3364 3583 3424 aut
3623 3364 3722 3423 cst
3748 3356 4038 3450 ffiggumuss

461 3486 573 3544 aut
603 3484 773 3543 certe
804 3498 947 3544 esse
979 3486 1191 3562 potest
1230 3481 1409 3562 (nam'
1429 3479 1510 3545 de
1541 3480 1790 3564 reliqua
1822 3502 2018 3565 supra
2047 3504 2111 3566 p.
2148 3482 2374 3546 XXIX
2407 3481 2737 3562 diximus),
2790 3486 3043 3564 praeter
3072 3478 3465 3563 paucissima
3492 3477 3721 3544 Hiero-

457 3599 767 3682 nymiana
797 3605 861 3664 et
890 3599 1335 3684 Prosperiana,
1390 3600 1471 3666 (16
1516 3600 1747 3682 quibus
1793 3623 1859 3686 p.
1894 3602 2138 3667 XXVI.
2192 3601 2477 3665 XXXIV
2524 3599 2762 3665 dictum
2809 3606 2927 3683 est,
2983 3605 3298 3685 apparent
3331 3599 3602 3664 fortasse
3634 3599 3719 3664 ad

458 3741 521 3784 a.
572 3722 910 3783 411-427
961 3740 1018 3785 6.
1069 3723 1172 3802 32,
1232 3725 1373 3785 165.
1435 3724 1591 3803 166,
1657 3727 1831 3787 certo
1876 3721 1963 3786 ad
2007 3743 2070 3786 a.
2122 3726 2460 3785 455-477
2508 3741 2625 3806 per
2669 3740 2723 3785 c.
2775 3725 2881 3786 45.
2934 3724 3050 3784 46:
3118 3726 3465 3804 coeperunt
3521 3719 3719 3804 igitur

332 3840 345 3852 ⁶
467 3846 580 3905 aut
622 3860 665 3904 a
708 3839 834 3906 fine
867 3840 1166 3925 Prosperi
1210 3847 1341 3921 aut,
1396 3840 1567 3924 quod
1597 3841 1806 3924 magis
1839 3840 2238 3924 crediderim,
2291 3863 2331 3907 a
2358 3843 2485 3907 fine
2517 3841 2913 3924 Hieronymi.
2990 3841 3083 3906 ita
3111 3845 3323 3905 autem
3353 3847 3722 3924 comparata

450 3959 739 4043 fuerunt,
791 3966 862 4026 ut
902 3960 968 4025 in
1014 3981 1094 4026 ea
1135 3960 1288 4027 item
1335 3960 1711 4046 perveniant
1754 3982 1923 4044 quae
1959 3963 2098 4028 loco
2140 3962 2328 4028 modo
2374 3962 2566 4028 citato
2611 3961 3081 4046 disputavimus
3126 3961 3208 4027 de
3253 3961 3580 4026 annalium
3630 3962 3714 4025 ab

461 4080 733 4146 Iordane
780 4080 1217 4146 adhibitorum
1264 4102 1409 4148 cum
1455 4082 1958 4148 Marcellinianis
2004 4089 2069 4148 et
2113 4082 2532 4148 similitudine
2577 4088 2641 4148 et
2685 4081 3078 4148 diversitate.
3157 4080 3407 4147 accedit
3462 4081 3529 4146 in
3586 4081 3710 4161 his,

456 4201 627 4283 quod
658 4199 1102 4266 Cassiodorius
1147 4202 1432 4267 scribens
1463 4202 1629 4268 inter
1658 4222 1720 4267 a.
1759 4205 1882 4267 526
1916 4209 1979 4268 et
2014 4206 2137 4267 533
2169 4202 2523 4269 Marcellini
2571 4203 2868 4268 volumen
2913 4202 3154 4268 editum
3201 4223 3263 4266 a.
3300 4201 3556 4267 demum
3589 4207 3711 4267 534

454 4321 763 4387 adhibere
807 4341 933 4386 non
979 4321 1214 4406 potuit;
1282 4323 1364 4387 ab
1410 4343 1487 4388 eo
1532 4327 1746 4389 autem
1791 4323 1951 4388 haec
1996 4322 2345 4408 proficisci,
2397 4344 2524 4389 non
2569 4324 2652 4388 ab
2698 4323 2972 4388 Iordane
3018 4322 3353 4407 probabile
3398 4329 3516 4403 est,
3572 4342 3713 4387 cum

453 4441 832 4507 narrationis
875 4446 1056 4507 tenor
1115 4442 1292 4508 nullo
1351 4441 1537 4508 modo
1595 4443 1831 4522 variet,
1901 4463 2109 4526 neque
2170 4442 2456 4509 defuisse
2503 4442 2907 4509 Cassiodorio
2968 4442 3186 4507 horum
3243 4463 3492 4526 quoque
3549 4449 3713 4508 tem-

454 4583 673 4647 porum
735 4561 1099 4627 consularia
1155 4562 1259 4627 vel
1320 4580 1402 4626 ex
1464 4563 1759 4630 chronico
1819 4564 1901 4628 ab
1962 4563 2102 4648 ipso
2157 4584 2220 4629 a.
2284 4568 2410 4627 519
2470 4562 2644 4629 edito
2702 4562 3136 4645 intellegatur.
3197 4600 3282 4610 --
3342 4562 3594 4629 Deinde
3645 4564 3711 4628 in

452 4682 642 4747 rebus
686 4680 1070 4747 Theoderici
1126 4682 1464 4747 narrandis
1515 4683 1963 4749 Cassiodorius
2021 4684 2416 4768 adsumpsit,
2480 4691 2551 4749 ut
2608 4683 2830 4750 debuit
2887 4690 2952 4748 et
3011 4689 3079 4748 ut
3135 4689 3286 4749 ante
3346 4684 3589 4750 fecerat
3644 4686 3710 4751 in

453 4801 748 4867 chronico
809 4801 994 4867 modo
1053 4801 1278 4882 citat0,
1347 4803 1713 4869 consularia
1770 4824 1851 4869 ea
1905 4824 2070 4886 quae
2131 4804 2320 4870 hodie
2381 4803 2509 4870 dici
2569 4804 2779 4870 solent
2821 4803 3222 4869 Ravennatia
3272 4810 3405 4870 tota
3462 4804 3710 4872 imbuta

453 4922 677 5007 spiritu
722 4922 906 5005 regni
949 4921 1463 5005 Theodericiani,
1519 4924 1656 4990 sive
1702 4944 1781 4988 ea
1825 4925 2080 5009 publico
2126 4924 2388 4990 consilio
2434 4924 2614 4990 edita
2657 4931 2808 4989 sunt
2851 4924 3009 5006 sive,
3063 4923 3235 5006 quod
3265 4925 3711 5009 prudentiores

453 5042 856 5127 praeferent,
910 5063 951 5107 a
995 5043 1330 5108 laudatore
1376 5043 1593 5126 aliquo
1639 5051 1843 5109 status
1902 5045 2281 5129 praesentis.
2376 5045 2509 5109 suis
2553 5044 2895 5109 annalibus
2942 5065 3327 5127 quamquam
3372 5066 3497 5110 non
3556 5066 3710 5111 usus

452 5170 549 5228 est
594 5169 851 5247 propter
894 5162 1294 5247 brevitatem,
1349 5164 1471 5228 loci
1518 5183 1675 5247 quos
1719 5163 1808 5230 ibi
1839 5165 2263 5250 Prosperiana
2308 5165 2607 5231 brevians
2652 5165 2732 5230 ob
2765 5165 3040 5231 Gothica
3083 5166 3297 5231 studia
3328 5174 3742 5248 mutaverat„

451 5260 515 5346 in
563 5282 807 5348 Geticis
861 5284 1053 5367 plane
1108 5283 1403 5349 similiter
1445 5291 1832 5368 tractantur,
1902 5292 1969 5351 ut
2024 5285 2551 5351 demonstrabunt
2608 5305 2774 5367 quae
2827 5285 3131 5351 adnotavi
3191 5306 3248 5350 c.
3305 5289 3404 5369 18,
3464 5291 3581 5350 103
3629 5288 3709 5352 (16

451 5402 685 5480 Decio,
754 5423 809 5467 c.
864 5407 964 5482 28,
1027 5407 1139 5466 144
1207 5404 1287 5469 (16
1333 5404 1755 5487 Athanarico,
1823 5426 1878 5470 c.
1934 5411 2036 5488 30,
2097 5411 2213 5470 154
2276 5405 2357 5472 (16
2417 5405 2662 5490 proelio
2721 5405 3115 5489 Pollentino,
3183 5426 3239 5470 c.
3293 5408 3396 5486 30,
3455 5411 3573 5470 156
3628 5406 3708 5473 (16

451 5524 654 5587 Roma
699 5529 907 5607 capta,
960 5543 1017 5587 c.
1069 5525 1172 5606 32,
1233 5527 1353 5588 166
1401 5524 1481 5589 (16
1527 5523 1958 5590 Vandalorum
2006 5527 2072 5590 in
2119 5526 2466 5609 Hispanias
2517 5526 2760 5609 ‘fuga’,
2813 5546 2871 5591 c.
2912 5531 3017 5608 40,
3057 5529 3181 5589 209
3229 5527 3308 5591 (16
3355 5527 3598 5610 proelio
3644 5528 3708 5591 in

452 5643 694 5727 campis
740 5642 1215 5724 CatalauniciS,
1283 5665 1339 5708 c.
1393 5648 1494 5726 42,
1550 5648 1665 5707 221
1721 5644 1803 5710 (16
1848 5645 2179 5712 obsidione
2225 5646 2586 5729 Aquileiae.
2678 5646 3033 5712 luculenter
3091 5645 3289 5729 igitur
3344 5647 3411 5710 in
3468 5646 3709 5713 minore

453 5783 643 5848 opere
689 5761 981 5846 germina
1024 5771 1339 5848 apparent
1382 5764 1666 5830 maioris.
