4882 6775
2013 498 2314 556 GETICA.
3710 508 3791 568 93

715 688 963 765 Quibus
1011 689 1259 771 evenit,
1313 696 1382 755 ut
1425 689 1676 754 adsolet
1717 690 1926 772 genti,
1982 689 2256 755 necdum
2300 692 2465 755 bene
2511 691 2649 756 loco
2694 690 3010 771 fundatis,
3065 692 3336 776 penuria
3379 691 3593 775 famis,
3645 713 3791 759 coe-
3833 691 4055 757 XXVI
4083 695 4202 756 134

543 798 897 873 peruntque
943 793 1250 876 primates
1297 812 1515 857 eorum
1559 799 1625 857 et
1668 791 1884 872 duces,
1940 793 2048 875 qui
2094 812 2316 876 regum
2362 794 2501 859 vice
2545 793 2678 859 illis
2721 798 3102 878 praeerant,
3132 793 3201 858 id
3233 801 3332 859 est
3360 794 3781 878 Fritigernus,

543 892 857 958 Alatheus
902 901 965 959 et
1010 894 1236 959 Safrac
1259 897 1338 977 ¹),
1408 895 1724 960 exercitus
1768 894 2047 979 inopiam
2094 895 2430 960 condolere
2477 897 3097 979 negotiationemque
3142 917 3182 960 a
3227 897 3539 981 Lupicino
3583 898 3793 963 Maxi-

544 1014 770 1077 moque
817 996 1244 1061 Romanorum
1292 997 1524 1061 ducum
1570 1004 1893 1081 expetere.
1989 1017 2210 1062 verum
2256 997 2411 1080 quid
2454 1019 2582 1063 non
2629 1000 2769 1063 auri
2816 1018 3000 1063 sacra
3044 997 3252 1064 fames
3297 1000 3622 1084 compellit
3670 1000 3790 1065 ad-

479 1121 505 1159 s
542 1097 871 1179 quiescere
891 1102 935 1180 2)
959 1105 988 1162 τ’
1054 1106 1398 1184 coeperunt
1443 1099 1640 1164 duces
1684 1099 1956 1165 avaritia
2003 1102 2427 1185 compellente
2474 1121 2601 1165 non
2648 1102 2852 1167 solum
2900 1102 3111 1166 ovium
3144 1104 3506 1190 bovumque
3538 1122 3783 1179 carnes,

541 1220 761 1264 verum
823 1201 1017 1266 etiam
1078 1222 1306 1266 canum
1366 1208 1430 1267 et
1486 1201 1928 1266 inmundorum
1990 1203 2364 1267 animalium
2424 1203 2758 1268 morticina
2814 1204 2908 1268 eis
2953 1224 3066 1287 pro
3111 1224 3344 1287 magno
3390 1205 3784 1282 contradere,

541 1302 738 1383 ade0,
805 1309 877 1368 ut
933 1305 1285 1386 quemlibet
1341 1305 1726 1389 mancipium
1761 1305 1852 1369 -in
1914 1326 2039 1370 uno
2100 1326 2267 1390 pane
2313 1313 2426 1371 aut
2470 1306 2690 1370 decem
2736 1306 2917 1371 libris
2963 1327 3152 1372 carne
3196 1316 3575 1374 mercarent.
3670 1310 3787 1375 sed
3840 1310 3958 1372 135

539 1406 667 1469 iam
713 1406 1051 1490 mancipiis
1097 1415 1161 1472 et
1205 1408 1606 1492 supellectile
1652 1408 2097 1473 deficientibus
2142 1408 2308 1474 filios
2353 1429 2573 1473 eorum
2620 1429 2854 1474 avarus
2898 1417 3211 1475 mercator
3254 1410 3460 1475 victus
3504 1412 3792 1477 necessi-

538 1514 667 1573 tate
699 1509 992 1592 exposcit
1008 1511 1082 1589 3).
1160 1510 1320 1574 haut
1363 1509 1534 1574 enim
1581 1529 1767 1575 secus
1811 1517 2112 1595 parentes
2158 1511 2404 1576 faciunt
2435 1513 2642 1576 salute
2682 1531 2935 1577 suorum
2967 1513 3304 1596 pignorum
3336 1514 3779 1598 providentes:

442 1633 499 1672 ιο
539 1609 925 1693 faciliusque
971 1611 1330 1676 deliberant
1374 1611 1836 1694 ingenuitatem
1883 1614 2092 1697 perire
2139 1634 2329 1695 quam
2361 1616 2576 1690 vitam,
2633 1615 2784 1679 dum
2815 1614 3312 1680 misericorditer
3342 1616 3616 1682 alendus
3647 1619 3790 1700 quis

538 1711 836 1776 venditur
880 1733 1071 1794 quam
1116 1714 1457 1779 moriturus
1503 1722 1815 1780 servatur.
1911 1717 2180 1800 contigit
2222 1718 2458 1783 etenim
2503 1718 2617 1783 illo
2663 1718 2781 1783 sub
2825 1724 3109 1801 tempore
3155 1738 3521 1799 erumnose,
3591 1721 3791 1805 Lupi-

539 1815 718 1879 cinus
746 1822 818 1880 ut
848 1815 1071 1880 ductor
1098 1817 1525 1881 Romanorum
1555 1817 1985 1899 Fritigernum
2021 1818 2371 1884 Gothorum
2404 1821 2699 1903 regulum
2743 1819 2811 1884 in
2856 1820 3147 1884 convivio
3191 1820 3495 1886 invitaret
3537 1821 3792 1887 dolum-

471 1910 476 1915 ’
537 1937 660 1999 que
705 1917 783 1995 ei,
839 1926 909 1983 ut
951 1925 1097 2002 post
1140 1919 1349 1984 exitus
1395 1919 1631 2000 docuit,
1685 1921 2034 1985 moliretur.
2116 1921 2231 1987 sed
2259 1923 2659 2006 Fritigernus
2691 1923 2911 1988 dolum
2951 1922 3205 1988 nescius
3251 1942 3393 1988 cum
3439 1943 3783 2008 paucorum
3836 1928 3957 1990 136

537 2020 841 2085 comitatu
889 2021 975 2085 ad
1019 2022 1377 2087 convivium
1423 2022 1711 2101 venienS,
1767 2023 1919 2088 dum
1950 2024 2121 2089 intus
2152 2025 2216 2089 in
2248 2025 2526 2109 preturio
2557 2027 2985 2109 aepularetur,
3042 2026 3383 2090 clamorem
3414 2027 3787 2092 miserorum

440 2146 497 2185 ιε»
536 2123 937 2188 morientium
983 2124 1270 2189 audiret:
1336 2146 1482 2189 nam
1543 2124 1609 2190 in
1668 2125 1798 2191 alia
1856 2133 2036 2210 parte
2099 2127 2302 2192 socios
2360 2128 2500 2192 eius
2559 2129 2886 2193 reclausos
2945 2128 3094 2192 dum
3156 2129 3397 2194 milites
3457 2130 3638 2196 ducis
3685 2131 3786 2196 sui

533 2225 713 2290 iussu
759 2226 1079 2291 trucidare
1125 2235 1505 2293 conarentur
1549 2235 1613 2292 et
1655 2248 1778 2292 vox
1824 2229 2225 2294 morientium
2272 2229 2516 2294 duriter
2558 2232 2797 2296 emissa
2839 2232 2969 2296 iam
3017 2232 3333 2315 suspectis
3379 2232 3642 2298 auribus
3686 2233 3790 2298 in-

532 2334 812 2409 tonaret,
867 2329 1015 2394 ilico
1061 2336 1280 2413 aperto
1327 2330 1476 2394 dolo
1521 2349 1914 2413 cognoscens
1959 2322 2360 2414 Fritigernus
2407 2333 2750 2415 evaginato
2796 2332 3014 2416 gladio
3061 2354 3096 2398 e
3143 2334 3432 2400 convivio
3476 2356 3603 2401 non
3649 2337 3787 2404 sine

503 2451 770 2514 ·magna
828 2431 1188 2496 temeritate
1248 2432 1713 2516 velocitateque
1773 2433 2102 2516 egreditur
2161 2453 2435 2516 suosque
2498 2436 2703 2500 socios
2762 2437 2844 2501 ab
2888 2436 3244 2502 imminenti
3290 2444 3490 2503 morte
3536 2446 3788 2529 ereptos

533 2533 617 2598 ad
673 2553 894 2599 necem
941 2534 1361 2598 Romanorum
1422 2534 1709 2619 instigat.
1804 2537 1912 2619 qui
1970 2536 2184 2601 nancti
2247 2538 2583 2603 occasione
2646 2540 2862 2603 votiva
2914 2539 3249 2620 elegerunt
3290 2540 3410 2604 viri
3453 2541 3786 2607 fortissimi
3837 2546 3955 2608 137

701 2809 1503 2870 HPVLASOBAMYZ).

705 2946 723 2995 1
768 2948 1003 3008 gentibus
1043 2946 1105 3006 Β,
1148 2949 1314 3007 egenti
1351 2949 1429 2995 A.-
1469 2947 1730 2996 delendum
1939 2949 2042 2997 loco
2080 2952 2208 2997 bene
2245 2952 2292 2998 A
2498 2951 2738 3000 fundatae
2765 2952 2814 2998 Χ
2826 2952 2905 2999 ῩΖ
3111 2954 3380 3015 penuriam
3406 2954 3467 3014 L,
3507 2958 3717 3017 penurie
3746 2957 3789 3004 0

528 3032 558 3082 2
596 3046 693 3094 qne
729 3046 826 3082 om.
869 3032 1051 3081 ASOB
1296 3047 1502 3094 regnum
1547 3034 1634 3081 VO
1875 3036 2014 3083 uices
2052 3037 2152 3083 illis
2191 3035 2290 3095 SO,
2333 3037 2431 3084 illis
2469 3039 2580 3085 uice
2619 3039 2666 3085 A
2910 3039 3194 3086 fritifernus
3231 3040 3276 3085 A
3538 3040 3566 3088 3
3606 3038 3786 3107 safrac]

529 3117 921 3179 HPVLAXYZ,
965 3119 1154 3167 safrach
1193 3118 1326 3166 SOB
1576 3121 1780 3181 inopiae
1816 3122 1863 3168 A
2105 3122 2362 3169 condolore
2398 3123 2436 3171 S
2694 3119 3203 3190 negotiationemque]
3243 3127 3633 3185 negotiationem
3670 3128 3722 3174 H

525 3205 744 3267 lopicino
786 3206 828 3252 0
1061 3205 1092 3253 4
1132 3219 1545 3266 romanorumque
1582 3207 1629 3253 A
1834 3203 2043 3272 ducum]
2082 3206 2377 3269 HPVLSO,
2420 3208 2632 3256 ducibus
2671 3209 2866 3256 ABXY
3066 3210 3195 3270 quod
3234 3210 3280 3256 Β
3491 3211 3641 3260 famis
3676 3213 3781 3273 80,

526 3292 681 3338 famas
719 3289 790 3337 L‘
1001 3292 1259 3352 compellat
1283 3292 1328 3337 A
1538 3292 1568 3339 5
1605 3288 1911 3357 bonumque]
1949 3292 2004 3338 H
2012 3293 2113 3352 VO,
2155 3295 2438 3355 bonumque
2480 3292 2538 3354 P,
2580 3296 2832 3356 boumque
2869 3294 3122 3354 LABXY,
3163 3309 3264 3358 que
3298 3296 3337 3344 8
3543 3300 3701 3346 carnis
3743 3300 3786 3347 0

527 3374 557 3424 6
595 3377 857 3425 morticine
883 3376 960 3424 his
987 3375 1040 3436 S,
1082 3378 1386 3426 morticineis
1418 3377 1460 3425 0
1671 3376 1697 3425 7
1736 3383 1795 3426 ut
1817 3391 1914 3427 om.
1947 3377 1990 3424 Z
2199 3379 2455 3440 quodlibet
2481 3379 2720 3428 ΔΒΧΥΖ
2928 3377 3006 3447 in]
3041 3396 3130 3442 pro
3154 3382 3216 3443 L,
3256 3396 3353 3430 om.
3385 3384 3428 3430 A
3626 3399 3785 3433 unum

527 3475 656 3524 pane
699 3462 755 3522 Z,
797 3477 955 3510 unum
992 3477 1170 3524 panem
1212 3463 1300 3511 OB
1507 3465 1654 3511 libras
1692 3463 1784 3511 AB
1992 3461 2161 3531 carne]
2200 3465 2455 3526 HPVLO,
2506 3481 2701 3516 carnem
2742 3468 2806 3528 X,
2848 3481 3015 3515 carnes
3054 3467 3091 3515 8
3104 3468 3196 3528 ΥΖ,
3240 3469 3401 3516 carnis
3439 3470 3500 3530 A,
3542 3471 3594 3517 in
3632 3485 3784 3519 unam

528 3562 724 3596 carnem
762 3548 807 3594 B
1037 3555 1377 3597 mercarentur
1415 3547 1646 3596 ASOBX
1657 3549 1697 3596 Υ
1928 3547 1957 3598 8
1996 3551 2272 3612 mancipias
2309 3551 2354 3597 P
2582 3558 2636 3600 et
2671 3548 3006 3618 supellectile]
3046 3541 3240 3616 HPVS,
3285 3559 3337 3601 et
3372 3556 3679 3617 supellectili
3716 3558 3777 3617 A,

526 3640 577 3681 et
612 3634 899 3697 supplictile
941 3634 1002 3693 0,
1043 3640 1096 3682 et
1129 3635 1497 3695 supellectilem
1533 3634 1642 3696 LB,
1685 3640 1736 3682 et
1771 3636 2070 3697 suppellecti
2107 3637 2171 3697 X,
2212 3638 2619 3699 supellectilique
2669 3638 2712 3685 Y
2956 3639 3087 3686 filias
3123 3637 3198 3686 A‘
3452 3642 3634 3690 auidus
3669 3644 3715 3690 A

527 3727 770 3769 mercatur
811 3720 883 3768 0⁸
1089 3715 1281 3786 uictus]
1317 3721 1480 3770 uictos
1519 3722 1578 3780 A,
1621 3721 1781 3769 uictos
1820 3723 1969 3769 famis
2009 3723 2145 3769 ΧΥΖ
2383 3724 2414 3773 9
2450 3720 2596 3789 haut]
2634 3729 2721 3771 aut
2760 3723 2843 3771 LS
3048 3731 3277 3785 patentes
3315 3724 3389 3773 Λα
3598 3724 3784 3795 salute]

526 3806 682 3866 HPV,
742 3807 953 3853 salutem
991 3805 1139 3867 SOB,
1198 3807 1388 3854 salutes
1426 3806 1485 3866 L,
1547 3807 1705 3854 saluti
1740 3807 1883 3854 AXY
2179 3822 2378 3856 suorum
2422 3810 2608 3870 (eorum
2651 3811 2710 3871 0)
2755 3812 3017 3872 pignorum
3060 3812 3342 3872 (pignerum
3378 3809 3510 3880 SO)]
3560 3829 3612 3875 p.
3655 3828 3696 3862 s.
3747 3814 3789 3860 V

531 3891 591 3940 10
626 3887 946 3957 faciliusque]
981 3891 1273 3952 facibusque
1297 3892 1400 3952 80,
1444 3894 1708 3954 saciusque
1735 3893 1778 3939 B
1986 3894 2037 3941 in
2077 3895 2388 3954 ingenuitate
2414 3894 2459 3942 L
2670 3897 3036 3944 misericordius
3062 3897 3108 3943 A
3321 3897 3374 3947 ll
3418 3899 3645 3947 uinditur
3673 3900 3716 3948 0

528 3978 802 4025 muriturus
842 3977 886 4025 0
1127 3978 1351 4030 saluatur
1388 3977 1425 4024 S
1657 3979 1880 4040 contegit
1922 3979 1965 4026 0
2197 3976 2410 4047 etenim]
2448 3983 2583 4030 enim
2624 3982 2670 4028 A
2901 3983 3213 4031 aerumnosio
3253 3983 3296 4030 0
3525 3986 3782 4048 lupicinus

533 4064 739 4126 (lepinos
769 4064 827 4125 0)
871 4070 921 4112 et
956 4067 1018 4110 ut
1052 4062 1154 4123 SO,
1193 4064 1415 4125 lupicino
1455 4068 1506 4112 et
1540 4064 1602 4124 B,
1645 4069 1701 4111 ut
1737 4065 1842 4127 lup.
1874 4065 1920 4111 A
2134 4064 2194 4113 12
2231 4066 2394 4113 doctor
2431 4066 2585 4126 PVL,
2627 4068 2820 4116 ductori
2856 4068 2917 4128 Β,
2960 4067 3109 4115 ducto
3146 4066 3250 4127 80,
3292 4068 3396 4117 dux
3434 4072 3479 4117 A
3689 4073 3783 4120 fri-

525 4145 803 4215 tigernum]
839 4149 1165 4209 fridigernum
1207 4149 1268 4208 0,
1314 4150 1653 4210 fridegernum
1690 4148 1744 4209 S,
1785 4156 1845 4198 ut
1882 4151 2211 4211 fridigernum
2251 4152 2294 4198 B
2535 4154 2826 4201 conuiuium
2863 4153 3144 4202 :1180er
3379 4155 3699 4216 dolumquem
3738 4158 3782 4205 L

532 4234 591 4283 13
628 4236 826 4283 exsitus
867 4235 909 4282 0
1117 4235 1417 4296 fridigernus
1455 4235 1556 4294 SB,
1600 4236 1986 4296 fridigermanus
2030 4237 2072 4284 0
2279 4233 2470 4304 dolum]
2510 4238 2609 4286 doli
2647 4238 2740 4286 AB
2946 4241 3180 4288 nesciens
3217 4239 3267 4286 Χ
3278 4240 3359 4286 ΥΖ
3605 4241 3665 4290 14
3701 4256 3782 4291 co·

527 4322 722 4369 minatu
761 4321 807 4367 B
1038 4322 1290 4368 conuiuim
1340 4321 1382 4368 V
1602 4317 1849 4386 preturio]
1889 4322 1954 4381 H,
1996 4325 2246 4384 praeturio
2284 4310 2382 4382 Pb„
2416 4326 2640 4384 praeturi
2679 4323 2775 4384 P‘,
2815 4325 3105 4387 pr(a)etorio
3139 4327 3230 4374 rel.
3439 4325 3782 4394 aepularetur]

528 4408 761 4469 epulatur
787 4408 835 4455 X
845 4408 895 4468 Υ,
938 4406 1168 4468 epulatus
1205 4414 1256 4454 et
1291 4405 1395 4466 SO,
1438 4408 1670 4470 epulatus
1707 4413 1785 4455 est
1822 4408 1866 4455 Β
2076 4410 2283 4458 clamore
2307 4410 2394 4458 SO
2608 4410 2669 4459 15
2707 4411 2931 4459 audisset
2954 4413 3001 4459 A
3208 4408 3344 4478 nam]
3381 4411 3775 4474 HPVLAXYZ,

527 4507 740 4556 namque
775 4493 907 4541 SOB
1114 4489 1192 4558 in]
1228 4494 1361 4541 inter
1395 4493 1442 4539 B
1650 4495 1813 4544 socius
1849 4495 1887 4543 S
2117 4496 2334 4544 reclusos
2371 4497 2421 4543 Χ
2432 4496 2483 4555 Y,
2523 4497 2745 4546 inclusos
2782 4499 2828 4545 A
3063 4497 3125 4546 16
3162 4504 3458 4546 conorentur
3499 4499 3555 4559 0,
3599 4513 3781 4548 conan-

523 4584 605 4626 tur
641 4580 688 4626 A
893 4581 1171 4628 intonasset
1207 4581 1252 4626 A
1469 4578 1524 4627 17
1571 4579 1688 4628 ilico
1722 4589 1891 4642 aperto
1924 4578 2057 4647 dolo]
2091 4581 2206 4630 ilico
2241 4588 2410 4645 aperte
2447 4582 2556 4630 dolo
2599 4582 2686 4644 0⁸,
2729 4589 2901 4644 aperto
2934 4584 3049 4631 ilico
3085 4583 3194 4631 dolo
3230 4585 3291 4644 X,
3334 4584 3447 4632 ilico
3481 4591 3654 4646 aperte
3690 4585 3780 4633 do-

522 4666 626 4712 lum
651 4667 712 4725 A,
757 4665 868 4712 ilico
905 4670 1074 4726 aperto
1109 4666 1219 4727 ipso
1256 4664 1365 4713 dolo
1390 4652 1518 4727 80²²,
1558 4666 1673 4715 ilico
1707 4672 1903 4728 apertos
1941 4669 2074 4728 ipsos
2113 4667 2247 4715 dolos
2275 4669 2318 4715 B
2524 4682 2836 4729 cognuscens
2860 4667 3021 4716 1²⁶0‘1
3228 4669 3539 4730 fridigernus
3577 4671 3709 4719 SOB

525 4747 576 4817 e]
610 4752 664 4799 in
701 4749 836 4798 8οΒ
1099 4749 1159 4800 18
1197 4764 1302 4811 egr.
1341 4764 1560 4812 suosque
1596 4764 1692 4799 om.
1733 4751 1775 4798 L
2038 4754 2200 4801 socius
2241 4752 2311 4801 0⁰
2573 4752 2752 4820 morte]
2789 4762 2920 4803 sorte
2956 4755 3011 4815 S,
3053 4761 3157 4803 orte
3199 4755 3242 4803 0
3504 4761 3704 4818 ereptus
3741 4757 3781 4805 S

529 4836 589 4886 19
624 4837 796 4884 nancti
841 4837 988 4898 (nacti
1028 4835 1117 4899 0⁰)
1159 4837 1409 4885 occasione
1448 4834 1644 4903 uotiua]
1679 4837 1970 4898 HPVLSO,
2011 4845 2159 4887 nacta
2194 4840 2454 4889 occasione
2491 4843 2661 4888 uotiua
2696 4842 2756 4901 B,
2800 4843 2930 4890 nacti
2972 4841 3164 4904 (nancti
3205 4841 3264 4901 Z)
3304 4843 3610 4890 occasionem
3646 4844 3781 4891 uoti-

523 4936 634 4970 uam
672 4923 769 4970 AX
781 4923 862 4969 YZ

698 5177 741 5240 1)
787 5181 1085 5229 Ammianus
1123 5182 1205 5242 31,
1249 5185 1300 5241 4,
1339 5184 1407 5230 8.-
1454 5182 1649 5242 primus
1697 5194 1808 5228 cum
1847 5180 2056 5229 Alavivo
2108 5185 2384 5246 suscipitur
2430 5185 2750 5245 Fritigernus
2794 5185 2878 5247 (cf.
2916 5200 3068 5247 supra
3098 5200 3151 5246 p.
3183 5187 3250 5234 92
3272 5200 3324 5234 n.
3356 5189 3428 5245 1).
3504 5202 3545 5235 c.
3587 5190 3636 5245 4,
3679 5188 3777 5234 12.-

525 5265 811 5314 Vithericus
849 5266 1292 5327 Greuthungorum
1341 5279 1430 5315 rex
1478 5280 1590 5313 cum
1630 5266 1843 5314 Alatheo
1890 5271 1940 5315 et
1977 5266 2201 5329 Safrace,
2256 5283 2470 5330 quorum
2519 5272 2728 5318 arbitrio
2772 5272 3058 5333 regebatur,
3112 5309 3124 5321 .
3159 5306 3173 5320 .
3207 5307 3218 5320 .
3260 5279 3318 5319 ut
3360 5273 3513 5320 simili
3551 5274 3779 5334 suscipe-

524 5359 661 5400 retur
693 5352 1008 5400 humanitate
1044 5353 1319 5401 obsecravit
1359 5389 1369 5401 .
1404 5389 1416 5401 .
1451 5387 1462 5400 .
1498 5387 1509 5399 .
1584 5367 1628 5400 e.
1670 5354 1718 5414 5,
1758 5353 1823 5401 3:
1864 5351 2164 5414 Greuthingi
2206 5389 2220 5402 .
2252 5390 2264 5404 .
2298 5393 2310 5405 .
2352 5356 2544 5404 ratibus
2580 5357 2841 5404 transiere.

693 5435 742 5498 2)
794 5437 1036 5497 Veryiliua
1070 5438 1196 5486 Aen.
1235 5439 1287 5499 3,
1328 5440 1426 5488 56:
1464 5437 1586 5499 quid
1624 5450 1722 5485 non
1759 5438 1987 5486 mortalia
2022 5445 2223 5499 pectora
2259 5441 2410 5499 cogis,
2453 5443 2563 5488 auri
2602 5455 2738 5489 sacra
2774 5444 2950 5492 fames.

695 5521 744 5582 3)
786 5524 1087 5571 Ammianus
1122 5524 1214 5585 31,
1256 5527 1315 5583 4,
1359 5526 1420 5571 9.·
1472 5524 1806 5584 potestatibus
1842 5524 2103 5584 praefuere
2141 5526 2477 5573 castrensibus
2514 5527 2741 5575 homines
2777 5529 3041 5591 maculosi,
3091 5531 3275 5591 quibus
3314 5529 3593 5592 Lupicinus
3630 5535 3775 5578 ante-

523 5609 684 5656 stabat
720 5613 771 5655 et
810 5608 1082 5668 Maximus,
1124 5610 1249 5657 alter
1283 5623 1374 5670 per
1413 5608 1651 5657 Thracias
1688 5622 1868 5669 comes,
1913 5609 2017 5657 dux
2056 5610 2198 5658 alter.
2276 5626 2318 5659 c.
2361 5615 2412 5670 4,
2458 5616 2516 5659 11
2538 5629 2554 5658 .·
2593 5627 2703 5660 cum
2742 5614 2954 5661 traducti
2992 5615 3184 5662 barbari
3220 5616 3385 5663 victus
3422 5616 3589 5676 inopia
3625 5630 3777 5664 vexa·

523 5700 724 5755 rentur,
779 5699 926 5757 turpe
963 5696 1310 5742 commercium
1349 5695 1502 5742 duces
1538 5697 1843 5744 invisissimi
1881 5691 2282 5761 [echogitarunt
2317 5702 2369 5745 et
2403 5704 2616 5758 quantos
2668 5699 2893 5760 undique
2937 5701 3293 5748 insatiabilitas
3338 5701 3565 5760 colligere
3613 5703 3779 5764 potuit

523 5792 668 5826 canes
711 5792 798 5839 pro
836 5780 1051 5840 singulis
1087 5779 1340 5828 dederunt
1375 5781 1668 5842 mancipiis:
1712 5783 1846 5828 inter
1883 5795 2013 5843 quae
2050 5777 2128 5847 [et
2163 5778 2279 5847 filii]
2317 5782 2456 5830 ducti
2495 5787 2614 5831 sunt
2650 5786 2982 5845 optimatium.
