4882 6775
1080 526 1099 536 ,
1117 463 1180 526 X
2509 463 2968 520 PROOEMIVM.

1115 685 1406 769 scripsit,
1469 686 1579 751 vix
1637 687 1970 769 anniculo,
2037 696 2249 772 potest
2303 689 2690 772 cogitavisse
2750 690 2832 754 de
2886 691 3288 756 successione
3333 690 3473 754 eius
3518 690 3586 755 in
3630 688 3968 773 imperium
4014 690 4366 752 Romanum

1114 813 1413 872 manente
1458 807 1549 872 ita
1592 808 1659 872 in
1706 808 1893 874 domo
1937 782 2338 892 Iustiniani,⁰
2378 809 2494 876 sed
2539 809 2758 876 delata
2802 811 2992 877 simul
3037 810 3124 875 ad
3167 811 3541 896 progeniem
3585 809 3991 890 Amalorum,
4058 827 4181 889 quo
4229 807 4367 871 sine

1116 925 1310 991 dubio
1355 927 1561 992 maius
1607 934 1671 994 et
1716 927 1974 994 felicius
2018 928 2177 994 nihil
2221 931 2514 996 accidere
2559 932 2764 1016 potuit
2808 931 3047 996 homini
3091 931 3298 997 Gotho
3344 931 3602 997 addicto
3645 930 3915 1015 imperio
3961 926 4361 1009 Orientisw).

1114 1082 1201 1094 —
1243 1046 1554 1112 Vandalis
1602 1047 1945 1114 debellatis
1989 1048 2160 1131 quod
2203 1050 2423 1115 Africa
2490 1051 2588 1115 ‘in
2636 1052 2994 1118 libertatem
3042 1052 3225 1135 regni
3269 1051 3538 1116 Romani
3582 1057 3881 1117 revocata
3927 1048 4056 1114 est’
4129 1051 4200 1128 (c.
4256 1050 4360 1129 33,

1119 1170 1290 1251 172),
1344 1167 1510 1233 redit
1554 1167 1816 1250 quidem
1861 1170 2036 1254 apud
2068 1169 2565 1254 Cassiodorium,
2618 1172 2797 1257 apud
2839 1193 3028 1255 quem
3070 1175 3227 1253 (var.
3269 1175 3368 1253 11,
3411 1172 3509 1254 13)
3550 1170 3972 1236 Iustinianum
4003 1169 4367 1251 Augustum

1113 1289 1316 1353 Roma
1372 1287 1465 1353 ita
1522 1289 1903 1372 alloquitur:
1990 1290 2079 1355 ‘si
2126 1291 2335 1374 Libya
2395 1293 2629 1357 meruit
2683 1313 2798 1377 per
2858 1300 2921 1358 te
2983 1293 3266 1377 recipere
3325 1292 3718 1374 libertatem,
3786 1290 4046 1356 crudele
4105 1294 4205 1354 est
4263 1307 4367 1352 me

1120 1407 1448 1473 ‘amittere
1494 1429 1687 1491 quam
1734 1430 1988 1494 semper
2031 1411 2173 1475 visa
2218 1432 2357 1476 sum
2403 1412 2786 1497 possidere’,
2841 1420 2911 1478 ut
2955 1413 3364 1478 Marcellinus
3409 1433 3662 1496 quoque
3706 1411 3927 1478 scribit
3970 1409 4055 1475 ad
4100 1430 4161 1474 a.
4201 1411 4353 1472 534:

1118 1528 1477 1613 ‘provincia
1505 1529 1727 1595 Africa
1763 1582 1775 1593 .
1821 1581 1835 1594 .
1875 1513 1903 1595 .’
1928 1532 2183 1597 volente
2228 1532 2349 1598 deo
2395 1533 2721 1598 vindicata
2765 1537 2907 1614 est’,
2962 1534 3260 1599 nimirum
3304 1533 3370 1598 in
3416 1533 3799 1598 libertatem.
3894 1549 4102 1611 neque
4147 1533 4364 1593 tamen

1110 1650 1271 1715 haec
1330 1670 1413 1715 ex
1459 1650 1865 1741 Cassiodorio
1923 1651 2232 1718 Iordanes
2291 1659 2616 1719 mutuatus
2676 1661 2775 1719 est
2830 1655 2897 1719 in
2955 1654 3287 1720 historiam
3339 1652 3898 1721 Cassiodorianam
3958 1669 4362 1734 nequaquam

1110 1770 1344 1853 relata,
1412 1770 1530 1836 sed
1591 1771 1787 1836 utitur
1843 1779 2112 1855 uterque
2172 1774 2491 1839 coloribus
2547 1774 2722 1859 apud
2776 1774 3121 1858 Byzantios
3181 1774 3515 1858 legitimiS,
3584 1780 3656 1838 ut
3709 1771 4101 1838 Iustinianus
4161 1769 4370 1835 edicto

1111 1912 1173 1955 a.
1228 1893 1389 1974 534,
1456 1912 1581 1974 quo
1634 1893 2100 1977 praefecturam
2148 1894 2449 1979 praetorii
2493 1894 2861 1959 Africanam
2909 1894 3272 1976 constituit,
3337 1894 3429 1959 ita
3473 1893 3801 1978 praefatur
3853 1891 4030 1974 (Cod.
4084 1891 4241 1955 Iust.
4303 1895 4356 1971 1,

1111 2013 1215 2092 27,
1277 2013 1329 2095 1)
1384 2012 1729 2096 contigisse
1769 2013 1925 2095 sibi,
2001 2017 2106 2079 ‘ut
2150 2014 2370 2079 Africa
2425 2035 2543 2099 per
2601 2034 2716 2080 nos
2768 2021 2900 2080 tam
2945 2014 3125 2080 brevi
3168 2021 3457 2100 tempore
3502 2014 3818 2097 reciperet
3859 2012 4251 2077 libertatem'
4301 2017 4367 2076 et

1111 2152 1151 2196 a
1196 2132 1501 2217 Procopio
1556 2134 1639 2217 (b.
1692 2133 1884 2198 Goth.
1938 2138 1999 2215 2,
2040 2138 2097 2218 6)
2182 2136 2357 2200 Zeno
2405 2135 2637 2201 dicitur
2680 2134 3146 2201 Theodericum
3192 2135 3260 2199 in
3303 2134 3559 2200 Italiam
3605 2133 3885 2216 misisse,
3938 2129 4038 2219 ἐφ’
4096 2125 4147 2219 ᾧ
4191 2133 4366 2196 ἐλευ-

1110 2253 1267 2338 ὓέρα
1311 2275 1376 2315 τε
1420 2250 1520 2317 καὶ
1570 2256 1807 2339 βασιλεῖ
1851 2250 2145 2339 κατήκοος
2191 2254 2379 2319 ἔσται.

1282 2375 1365 2439 Vt
1411 2372 1689 2439 Orientis
1747 2374 2004 2458 imperii
2063 2376 2276 2441 studia
2332 2376 2509 2461 apud
2552 2377 2889 2442 Iordanem
2936 2376 3210 2460 primum
3258 2377 3468 2441 locum
3515 2374 3835 2456 obtinent,
3905 2394 4046 2439 cum
4096 2373 4368 2440 Gothica

1107 2502 1370 2579 propter
1400 2515 1480 2560 ea
1525 2494 1779 2559 demum
1827 2502 1892 2560 et
1934 2496 2400 2577 quodammodo
2447 2518 2562 2582 per
2606 2518 2684 2562 ea
2728 2496 3008 2580 vigeant,
3064 2497 3155 2562 sic
3200 2503 3264 2561 et
3309 2516 3412 2562 res
3443 2496 3792 2561 Alanorum
3836 2496 3930 2560 ita
3972 2494 4271 2561 tractavit
4302 2500 4379 2583 et-

1104 2615 1173 2681 in
1233 2615 1535 2681 universa
1589 2615 1952 2681 narratione
1997 2617 2279 2682 Moesiae
2340 2624 2403 2683 et
2449 2617 2755 2702 Scythiae
2813 2617 3110 2701 regiones
3167 2617 3259 2682 ita
3314 2616 3633 2701 respexit,
3702 2623 3772 2682 ut
3815 2615 3955 2681 sine
4000 2615 4195 2681 dubio
4237 2635 4366 2679 non

1110 2735 1263 2802 fecit
1306 2734 1775 2801 Cassiodorius.

715 2851 1081 2947 F³V⁰finst¹ffiffig
1283 2855 1384 2921 Ad
1420 2856 1665 2923 Alanos
1711 2856 1881 2939 quod
1927 2858 2176 2941 attinet,
2230 2858 2411 2924 favor
2457 2878 2598 2923 cum
2643 2858 2794 2924 inde
2839 2865 3128 2943 apparet,
3182 2856 3354 2940 quod
3397 2858 3464 2923 in
3509 2857 3697 2923 unico
3742 2877 3931 2940 quem
3977 2876 4058 2922 ex
4103 2876 4366 2940 corpore

1107 2977 1382 3043 vitarum
1411 2977 1963 3061 imperatoriarum
1995 2978 2389 3063 deprompsit
2419 2980 2557 3044 loco
2603 2978 2681 3043 G.
2727 2984 2827 3061 15,
2881 2981 2961 3043 83
3008 2978 3413 3063 imperatoris
3444 2978 3772 3044 Maximini
3818 2985 4074 3062 praeter
4116 2982 4365 3062 patrem

1109 3098 1387 3164 Gothum
1448 3096 1644 3163 etiam
1703 3103 1971 3163 matrem
2015 3098 2289 3163 Alanam
2343 3098 2589 3183 posuit,
2654 3106 2787 3164 tum
2833 3120 2916 3165 ex
2961 3100 3436 3185 comparatione
3479 3101 3831 3165 Alanorum
3877 3105 3942 3164 et
3985 3099 4360 3163 Hunnorum

1105 3219 1184 3284 G.
1240 3222 1342 3300 24,
1402 3220 1546 3282 126.
1603 3220 1745 3283 127.
1814 3238 1868 3283 c.
1922 3222 2039 3299 43,
2096 3220 2220 3282 226
2255 3237 2352 3301 sq.
2419 3219 2694 3302 denique
2752 3220 2928 3285 bella
2984 3240 3025 3285 a
3081 3220 3465 3304 vesegothis
3521 3220 3590 3285 in
3649 3220 3868 3285 Gallia
3925 3227 3988 3285 et
4046 3216 4361 3302 Hispania

1102 3345 1324 3405 contra
1367 3338 1697 3404 Vandalos
1757 3345 1821 3405 et
1862 3338 2106 3405 Alanos
2166 3346 2354 3423 gesta
2411 3338 2496 3404 ad
2553 3339 2700 3405 illos
2747 3340 2920 3406 solos
2964 3340 3325 3423 restrinxit,
3393 3361 3552 3425 quos
3598 3342 3825 3408 acerbe
3871 3347 3936 3407 et
3979 3339 4196 3422 inique
4243 3358 4360 3403 ex-

1100 3461 1339 3544 agitat,
1407 3480 1550 3526 cum
1596 3480 1677 3525 ea
1718 3459 1968 3544 utrique
2011 3461 2188 3544 genti
2233 3461 2596 3527 communia
2641 3468 2859 3528 essent
2904 3468 2968 3528 et
3011 3462 3219 3547 ipsius
3264 3463 3447 3546 regni
3491 3462 3777 3529 Africani
3822 3482 4010 3545 reges
4063 3458 4358 3525 ‘Vanda-

1107 3582 1343 3646 ‘lorum
1391 3588 1456 3647 et
1484 3581 1861 3646 Alanorum’
1894 3581 2255 3647 dicerentur
2295 3583 2527 3664 (Victor
2556 3582 2838 3647 Vitensis
2870 3582 2953 3648 de
2983 3603 3151 3667 pers.
3189 3583 3400 3648 Vand.
3438 3586 3499 3666 2,
3545 3588 3642 3665 13,
3685 3587 3789 3647 39.
3825 3586 3885 3661 3,
3926 3585 3987 3664 2,
4028 3585 4115 3664 3).
4198 3581 4361 3646 Oas-

1103 3701 1418 3767 siodorius
1463 3708 1677 3767 autem
1725 3701 1845 3767 etsi
1889 3701 2322 3768 vandalorum
2368 3701 2583 3767 odium
2628 3702 2886 3768 Iordani
2930 3703 3235 3788 praeivit,
3304 3723 3417 3769 cur
3458 3702 3647 3768 simul
3694 3703 3775 3769 de
3820 3702 4047 3768 Alanis
4092 3706 4352 3781 taceret,

1103 3840 1306 3888 causa
1363 3822 1547 3886 nulla
1602 3828 1759 3887 erat.
1836 3860 1918 3868 —
1989 3822 2066 3886 In
2123 3823 2426 3887 Romanis
2487 3823 2765 3907 denique
2821 3843 2875 3888 c.
2931 3826 3053 3887 287
3113 3824 3290 3890 mala
3346 3823 3573 3889 fraude
3628 3823 4008 3888 Alamannis
4069 3820 4357 3906 expulsis

1103 3942 1296 4007 Alani
1340 3941 1844 4022 introducuntur,
1896 3962 2104 4024 neque
2151 3943 2411 4007 dubium
2446 3951 2546 4009 est
2574 3965 2650 4009 eo
2693 3946 2831 4009 loco
2863 3945 3243 4009 vocabulum
3276 3965 3394 4008 sua
3425 3950 3647 4030 sponte
3678 3943 4015 4010 Iordanem
4047 3948 4353 4007 mutasse.

694 4036 1079 4155 Librsflssfiossgsigg
1279 4062 1478 4126 Multo
1522 4062 1784 4144 gravius
1831 4070 1932 4128 est
1971 4062 2056 4127 ad
2101 4070 2421 4128 auctorem
2468 4070 2638 4129 recte
2683 4064 3192 4147 intellegendum
3239 4072 3304 4130 et
3337 4064 3795 4146 adhibendum,
3848 4063 4017 4147 quod
4048 4062 4356 4127 maiorum

1105 4201 1360 4247 suorum
1407 4200 1721 4267 suumque
1767 4183 2189 4265 domicilium,
2255 4183 2327 4248 id
2372 4191 2473 4249 est
2515 4185 2878 4269 provincias
2923 4186 3245 4250 Romanas
3292 4185 3454 4250 duas
3500 4185 3829 4268 Scythiam
3877 4191 4070 4269 caput
4114 4183 4358 4247 haben-

1103 4309 1233 4368 tem
1278 4304 1513 4368 Tomos
1560 4304 1744 4386 eique
1790 4304 2245 4369 conterminam
2292 4305 2599 4369 Moesiam
2643 4305 3007 4371 inferiorem
3053 4281 3392 4371 habentem
3440 4313 3633 4390 caput
3675 4303 4217 4388 Marcianopolim,
4270 4302 4361 4367 ita

1105 4423 1488 4489 narrationis
1549 4424 1875 4490 cardinem
1937 4424 2126 4506 facit,
2197 4433 2266 4491 ut
2323 4446 2446 4509 quo
2505 4426 2713 4510 magis
2773 4426 3068 4509 regiones
3128 4426 3278 4491 inde
3324 4426 3593 4506 distent,
3661 4446 3738 4491 eo
3785 4426 4090 4491 minorem
4138 4443 4355 4488 earum

1102 4545 1394 4610 notitiam
1440 4565 1583 4610 eum
1631 4553 1941 4630 appareat
1983 4545 2321 4612 habuisse:
2393 4547 2564 4628 quod
2620 4548 2838 4630 paullo
2884 4547 3243 4612 accuratius
3288 4546 3585 4631 persequi
3630 4546 3882 4631 oppidis
3927 4565 4197 4628 quorum
4242 4564 4358 4608 no-

1102 4686 1249 4731 men
1292 4666 1360 4730 in
1406 4666 1652 4731 Geticis
1697 4666 1877 4750 ponit
1922 4666 2225 4751 expensis
2270 4687 2397 4732 non
2443 4667 2696 4733 videtur
2741 4656 3291 4751 supervacaneum
3337 4688 3503 4733 esse.
3557 4705 3641 4714 —
3685 4668 3784 4731 Ex
3828 4666 3987 4731 Asia
4032 4672 4095 4730 et
4138 4664 4357 4730 Africa

1101 4787 1408 4852 Iordanes
1453 4809 1580 4853 non
1623 4788 1907 4852 nominat
1948 4786 2073 4852 nisi
2120 4807 2328 4871 pauca
2372 4794 2436 4853 et
2479 4788 2612 4854 fere
2660 4789 2980 4871 vulgaria,
3035 4789 3395 4873 Ephesum,
3449 4790 3860 4872 Trapezunta
3912 4787 4082 4870 (vide
4125 4787 4345 4870 infra),

1101 4908 1611 4990 Alexandream,
1677 4915 1749 4974 ut
1806 4907 2249 4992 exceptionem
2308 4908 2549 4974 faciant
2605 4916 2860 4993 praeter
2903 4909 3169 4993 Gangra
3212 4909 3694 4993 Paphlagoniae
3755 4909 3970 4974 nescio
4026 4929 4151 4991 quo
4197 4927 4353 4974 casu

1104 5029 1308 5094 obiter
1352 5035 1701 5094 memorata
1743 5029 2183 5093 tantummodo
2229 5028 2780 5114 Constantinopoli
2826 5030 3036 5095 vicina
3080 5030 3221 5094 loca
3264 5029 3457 5095 Ilium
3502 5038 3567 5096 et
3602 5028 3990 5112 Chalcedon,
4045 5029 4126 5095 de
4171 5029 4356 5095 cuius

1103 5155 1272 5214 statu
1317 5168 1484 5233 quae
1529 5147 1955 5233 proferuntur,
2007 5155 2235 5214 testem
2282 5149 2362 5214 de
2409 5150 2553 5214 visu
2598 5151 2894 5234 produnt.
2981 5150 3433 5234 Hispaniarum
3467 5171 3595 5216 una
3624 5151 3849 5215 civitas
3878 5151 4150 5216 Barcino
4180 5171 4355 5216 com·—

1100 5276 1312 5355 paret,
1383 5269 1741 5334 Galliarum
1810 5270 2029 5353 paullo
2088 5269 2342 5354 plures,
2423 5269 2669 5335 scilicet
2734 5277 2991 5355 propter
3047 5291 3313 5353 regnum
3371 5272 3878 5355 vesegotharum
3936 5273 4348 5354 Tolosanum,

1278 5531 1357 5592 1631
1403 5530 1546 5590 Quod
1593 5530 1853 5579 Schirreno
1901 5531 2064 5591 placet
2098 5545 2149 5592 p.
2181 5531 2245 5578 90
2296 5533 2447 5579 Italos
2494 5534 2699 5593 imperio
2735 5533 2956 5580 Orientis
3004 5533 3226 5580 addictos
3263 5534 3563 5581 Germanum
3613 5537 3804 5594 patrem
3854 5534 3951 5580 sibi
3999 5534 4351 5595 imperatorem

1102 5618 1388 5669 Occidentis
1425 5619 1709 5667 destinasse
1758 5624 1810 5665 et
1845 5618 1907 5665 de
1945 5632 2003 5666 ea
2038 5631 2128 5679 spe
2164 5623 2321 5665 morte
2358 5619 2471 5666 eius
2508 5620 2777 5666 immatura
2813 5620 3029 5668 deiectos
3067 5620 3226 5667 fllium
3263 5622 3309 5668 ci
3348 5621 3700 5682 substituisse,
3758 5622 3844 5667 vix
3883 5620 4116 5669 admittet
4153 5622 4242 5682 qui
4276 5623 4354 5670 iu-

1102 5706 1355 5753 tellexerit
1388 5705 1727 5752 Iustinianum
1776 5703 1927 5765 plane
1969 5704 2285 5752 abhorruisse
2323 5719 2349 5751 a
2386 5706 2460 5751 rei
2495 5705 2728 5766 publicae
2765 5706 3009 5754 divisione
3044 5707 3326 5755 renovanda
3363 5712 3413 5758 ct
3449 5708 3735 5757 Occidentis
3771 5708 3980 5773 imperio
4015 5710 4346 5759 restituendO.

1034 5855 1043 5862 .
1103 5797 1324 5843 ceterum
1362 5791 1417 5838 in
1453 5792 1736 5842 futurorum
1774 5791 1981 5843 somniis
2016 5790 2384 5851 investigandis
2419 5792 2586 5842 brevis
2622 5806 2729 5842 esse
2766 5794 2981 5858 requiro.
