4882 6775
1234 452 1417 519 XLII
2643 457 3104 514 moelem

1236 678 1408 744 male
1452 679 1677 746 luxata
1720 688 1787 745 61
1830 680 2105 748 sortasse
2150 682 2566 766 interpolata:
2620 684 2804 748 nobis
2845 684 2996 768 ipsa
3040 683 3364 749 destitutis
3395 684 3692 749 standum
3722 694 3823 748 est
3851 683 4253 748 Iordanianis
4281 684 4499 765 qualia

1236 800 1459 883 qualia
1504 810 1675 868 sunt.
1740 839 1827 849 —
1884 802 1989 867 Ad
2036 803 2303 868 formam
2352 804 2568 888 operis
2612 805 3094 871 Cassiodoriani
3139 805 3590 890 explicandam
3633 814 3892 890 praeter
3935 826 4130 890 supra
4172 805 4498 890 disputata

1238 919 1321 986 de
1366 923 1735 988 auctoribus
1777 944 1819 987 a
1863 923 2276 989 Cassiodorio
2330 923 2642 989 adhibitis
2687 946 2813 990 non
2857 927 3060 991 multa
3105 926 3418 991 habemus
3459 947 3626 1008 11336
3669 926 4092 1010 proferamus
4185 927 4498 991 narratio-

1239 1061 1388 1105 num
1436 1044 1845 1128 popularium
1888 1045 2053 1109 ratio
2100 1045 2321 1109 habita
2365 1054 2431 1109 et
2462 1045 2714 1110 Graeca
2758 1047 3048 1112 doctrina
3090 1048 3357 1130 egregia
3399 1056 3471 1111 ut
3511 1068 3628 1132 per
3671 1067 3742 1111 se
3785 1046 4210 1111 admiratione
4255 1047 4492 1129 dignae

1238 1172 1408 1241 sunt,
1458 1164 1551 1229 ita
1593 1185 1801 1248 neque
1847 1174 2063 1231 sectae
2107 1164 2387 1231 auctoris
2430 1166 2592 1232 illud
2638 1168 2796 1232 satis
2843 1168 3181 1232 convenire
3228 1188 3422 1252 supra
3466 1168 3950 1233 observavimus
3993 1176 4058 1233 et
4095 1166 4500 1233 mediocriter

1237 1292 1483 1349 tantum
1519 1284 1769 1352 Graece
1815 1287 2069 1352 doctum
2115 1308 2262 1352 eum
2309 1287 2513 1352 fuisse
2557 1296 2830 1369 constat.
2882 1288 3121 1373 quippe
3165 1288 3276 1371 qui
3321 1288 3649 1352 historiam
3695 1290 4198 1354 ecclesiasticam
4241 1289 4332 1353 ita
4374 1265 4496 1352 ad-

1238 1406 1509 1488 0133111,
1579 1415 1649 1473 31
1703 1414 1835 1472 1163
1892 1416 2189 1473 auctores
2235 1408 2521 1473 Graecos
2579 1409 2723 1473 rudi
2783 1429 2980 1493 opera
3037 1410 3500 1474 contaminaret
3559 1430 3628 1474 se
3687 1410 3946 1475 iubente
4005 1410 4089 1474 ab
4136 1408 4496 1494 Epiphanio

1236 1524 1621 1592 scholastico
1652 1528 1880 1594 Latine
1914 1549 2161 1594 versos.
2240 1530 2436 1594 immo
2483 1538 2820 1613 utrumque
2866 1529 3161 1594 meritum
3207 1530 3484 1594 vidimus
3528 1551 3655 1595 non
3699 1538 3831 1594 tam
3863 1530 4252 1596 cassiodorii
4296 1530 4496 1594 fuisse

1236 1665 1432 1729 quam
1489 1649 1769 1714 auctoris
1827 1650 1969 1715 eius
2012 1651 2301 1731 Ablabii‚
2367 1670 2556 1732 quem
2617 1651 2674 1715 si
2729 1659 3128 1729 teneremus,
3196 1650 3582 1716 haberemus
3640 1652 3910 1715 fortasse
3969 1652 4036 1715 in
4094 1651 4214 1715 hoc
4256 1671 4494 1733 genere

1234 1768 1588 1834 studiorum
1636 1791 1827 1854 quem
1873 1792 2016 1836 cum
2062 1771 2388 1836 Herodoto
2432 1791 2986 1855 componeremus,
3035 1809 3120 1819 —
3172 1770 3403 1855 Operis
3446 1771 3927 1837 Cassiodoriani
3969 1772 4247 1836 indicem
4293 1771 4496 1836 fuisse

1236 1889 1573 1972 probabile
1633 1898 1733 1956 est
1788 1912 1935 1957 eum
1993 1893 2205 1977 ipsum
2248 1912 2436 1975 quem
2484 1893 2804 1976 epitomae
2849 1892 3161 1957 Iordanes
3203 1892 3620 1977 praescripsit
3669 1893 3783 1958 ‘de
3827 1893 4074 1975 origine
4116 1892 4493 1974 actibusque

1245 2012 1259 2041 ‘
1281 2010 1657 2076 Getarum’:
1726 2033 1804 2077 eo
1864 2014 2035 2078 enim
2097 2012 2273 2077 ducit
2328 2019 2394 2077 61
2436 2012 2726 2077 Iordanis
2772 2013 3202 2079 testimonium
3249 2022 3316 2077 et
3356 2033 3524 2094 11336
3570 2013 3652 2077 116
3714 2018 3728 2044 ·’
3750 2014 3996 2096 origine
4032 2012 4333 2078 Gothica'
4391 2013 4496 2077 hi-

1235 2131 1433 2197 storia
1490 2134 1780 2199 Romana
1838 2133 2011 2199 facta
2068 2134 2208 2218 ipse
2266 2139 2491 2198 auctor
2547 2133 2614 2196 in
2672 2134 2869 2197 variis
2941 2134 3002 2213 (l.
3052 2137 3134 2213 c.)
3203 2133 3458 2198 scribit:
3535 2133 3866 2198 historiam
3929 2134 4088 2198 alibi
4153 2133 4492 2218 appellans

1240 2261 1689 2335 argumentum
1750 2254 2075 2335 enuntiat,
2142 2275 2268 2319 non
2325 2254 2580 2318 titulum
2641 2254 2816 2318 citat.
2910 2253 3246 2319 duodecim
3293 2253 3475 2319 libris
3521 2261 3591 2319 31
3633 2255 3882 2337 16111133
3927 2254 4061 2319 fere
4107 2253 4495 2319 Cassiodorii

1240 2393 1443 2458 opera
1498 2375 1743 2440 maiora
1801 2376 1894 2440 ita
1939 2375 2059 2439 hoc
2102 2394 2354 2458 quoque
2400 2373 2676 2439 divisum
2721 2373 2866 2438 fnit.
2957 2375 3283 2458 incepisse
3326 2376 3410 2440 ab
3456 2375 3617 2459 ipsis
3661 2376 3883 2461 populi
3929 2375 4183 2440 Gothici
4226 2375 4499 2459 primor-

1241 2494 1370 2558 diis
1413 2503 1481 2560 et
1544 2499 1693 2580 ‘per
1735 2496 2183 2579 generationes
2227 2515 2541 2578 regesque
2559 2498 2594 2577 ’‚
2659 2494 2726 2559 id
2786 2503 2886 2560 est
2941 2516 3057 2580 per
3113 2496 3560 2579 generationes
3619 2516 3842 2580 regum
3903 2496 4319 2561 descendisse
4363 2496 4500 2559 Ior-

1243 2614 1448 2680 danes
1492 2615 1561 2680 in
1605 2616 2006 2700 praefatione
2048 2615 2259 2681 innuit
2279 2619 2343 2697 75,
2365 2667 2379 2679 .
4095 2612 4100 2615 ’

1415 2736 1611 2820 Apud
1653 2737 1995 2803 Iordanem
2037 2745 2354 2820 quatenus
2400 2735 2894 2802 Cassiodoriana
2936 2738 3317 2821 perveniant
3360 2738 3469 2803 ubi
3513 2737 3902 2819 quaerimus,
3957 2759 4033 2803 eo
4076 2737 4246 2820 quod
4292 2736 4498 2821 epito-

1242 2863 1449 2921 mator
1492 2857 1586 2922 ait
1637 2860 1651 2889 ‘
1672 2857 1923 2922 initium
1968 2856 2286 2941 finemque
2331 2863 2395 2922 61
2439 2858 2628 2942 111313
2655 2858 2722 2921 13
2751 2857 2967 2922 3161110
2999 2877 3069 2923 36
3101 2878 3220 2923 333
3249 2857 3526 2923 dictione
3556 2859 4056 2943 permiscuisse'‚
4109 2877 4492 2940 quamquam

1243 2997 1441 3061 supra
1485 2977 1745 3043 modum
1787 2977 2003 3063 inepte
2048 2977 2285 3043 dictum
2331 2982 2545 3060 63179),
2598 2978 2802 3064 1111133
2845 2986 3296 3062 11031163131136
3340 3001 3499 3064 11136
3544 2980 3774 3045 6616113
3821 2980 3944 3044 sibi
3990 2978 4243 3042 videtur
4286 2977 4498 3043 vindi-

1243 3117 1391 3164 care
1413 3150 1427 3179 ‚
1494 3098 1690 3182 idque
1750 3099 1829 3163 de
1882 3098 2220 3183 postremis
2264 3119 2486 3164 verum
2530 3119 2674 3165 esse
2720 3120 2801 3164 ex
2845 3099 2992 3184 ipsa
3034 3120 3104 3165 re
3151 3100 3511 3183 colligitur,
3579 3120 3722 3165 cum
3765 3122 3831 3164 3.
3881 3103 4007 3163 526
4052 3098 4496 3165 Cassiodorius

1243 3218 1437 3283 finem
1494 3219 1819 3285 scribendi
1878 3219 2123 3285 fecerit.
2217 3220 2299 3285 de
2356 3220 2670 3304 principio
2715 3220 2926 3304 operis
2969 3218 3139 3285 idem
3185 3220 3276 3285 ita
3318 3241 3541 3285 verum
3585 3241 3730 3286 esse
3774 3241 3922 3286 mox
3967 3220 4326 3286 videbimus
4346 3273 4361 3302 ,
4430 3226 4498 3284 ut

1242 3337 1534 3405 Orosium
1581 3339 1890 3406 Iordanes
1935 3340 2023 3406 ibi
2069 3340 2151 3406 de
2196 3360 2312 3406 suo
2354 3340 2603 3422 6113111,
2667 3340 2937 3407 ulterius
2981 3347 3196 3407 tamen
3240 3341 3310 3407 id
3355 3342 3623 3427 proferri
3666 3360 3794 3406 non
3837 3349 4070 3426 potest.
4156 3362 4303 3406 nam
4350 3360 4492 3405 6313

1240 3460 1311 3526 111
1356 3468 1661 3545 sequatur
1702 3468 1955 3544 auctor,
2021 3469 2092 3527 ut
2148 3461 2578 3548 descriptione
2632 3462 2990 3527 insularum
3034 3462 3281 3529 Oceani
3336 3463 3507 3527 viam
3562 3463 3685 3528 sibi
3731 3470 3974 3527 sternat
4016 3462 4104 3527 ad
4148 3461 4492 3528 Scandiam

1235 3582 1517 3647 insulam
1576 3580 2064 3648 describendam
2109 3582 2460 3649 Gothorum
2518 3584 3028 3668 antiquissimam
3087 3584 3308 3650 sedem
3371 3590 3436 3649 61
3490 3604 3571 3648 36
3627 3583 4002 3648 Britanniae
4061 3583 4319 3667 quidem
4380 3581 4498 3646 de-

1240 3702 1498 3788 scriptio
1522 3755 1536 3782 ,
1602 3702 1838 3768 nedum
1887 3702 2205 3769 Scandiae
2248 3703 2507 3770 Iordani
2551 3704 2686 3768 ullo
2729 3704 2919 3769 modo
2962 3704 3155 3770 tribui
3201 3705 3438 3788 possit,
3504 3704 3659 3786 quid
3718 3704 3866 3768 huic
3927 3704 4048 3768 hoc
4092 3704 4233 3768 loco
4285 3722 4498 3767 rema-

1239 3830 1393 3889 neat
1436 3843 1562 3888 non
1607 3823 1944 3908 perspicio.
2037 3823 2288 3890 36661111
2330 3825 2502 3908 quod
2548 3826 2725 3890 10633
2770 3826 2851 3890 de
2880 3825 3205 3909 Hispania
3248 3825 3331 3890 ab
3377 3825 3578 3889 altero
3625 3843 3682 3888 c.
3720 3829 3824 3905 44,
3865 3827 3989 3888 230
4036 3823 4328 3908 separari
4369 3843 4496 3887 non

1239 3949 1474 4028 potest.
1561 3945 1781 4028 ‘plura
1822 3944 1889 4009 in
1933 3945 2175 4010 medio’
2222 3944 2479 4011 adiecta
2522 3965 2666 4012 esse
2711 3952 2782 4010 31
2823 3966 3046 4011 verum
3091 3965 3237 4011 esse
3281 3952 3509 4030 potest,
3561 3945 3654 4010 ita
3696 3965 3824 4009 non
3854 3944 4074 4026 magni
4105 3944 4272 4009 facio
4301 3942 4494 4008 fidem

1237 4064 1417 4129 illius
1476 4063 1615 4129 sive
1673 4064 1903 4130 notarii
1964 4065 2101 4132 sive
2161 4065 2496 4146 monachi,
2563 4087 2751 4150 quem
2806 4087 2932 4132 non
2993 4065 3225 4151 puduit
3283 4066 3742 4151 praefationem
3789 4065 4016 4131 Rufino
4075 4064 4374 4130 suffurari
4431 4070 4498 4128 et

1242 4184 1583 4250 Iamblichi
1624 4185 1833 4250 locum
1878 4186 2291 4253 comminisci.
2383 4188 2584 4251 multo
2643 4187 2853 4270 magis
2914 4186 3284 4252 diffidemus
3338 4187 3576 4252 homini
3622 4208 3731 4253 ore
3776 4187 4044 4253 rotundo
4088 4184 4499 4250 adseveranti

1242 4325 1323 4370 ex
1369 4304 1653 4370 historiis
1699 4306 1964 4372 Graecis
2011 4314 2075 4372 et
2126 4307 2376 4373 Latinis
2420 4308 2748 4373 nonnullis
2801 4308 3311 4373 ‘convenientia’
3361 4327 3431 4372 se
3474 4307 3834 4373 addidisse.
3925 4307 4118 4372 immo
4165 4305 4497 4392 probabile

1240 4432 1340 4491 est
1384 4425 1770 4492 Graecorum
1814 4435 2143 4493 auctorum
2189 4428 2667 4513 usurpationem
2714 4448 2866 4494 vere
2911 4429 3219 4494 contineri
3262 4429 3329 4493 in
3375 4428 3696 4513 excerptis
3742 4449 3823 4494 ex
3867 4427 4128 4494 Socrate
4149 4480 4164 4510 ,
4228 4446 4494 4511 quorum

1241 4547 1308 4612 in
1354 4555 1621 4631 utroque
1666 4549 1887 4614 libello
1932 4549 2133 4615 exilia
2176 4548 2495 4632 quaedam
2541 4549 2818 4632 vestigia
2861 4550 3094 4615 adesse
3140 4569 3335 4635 supra
3391 4571 3456 4634 p.
3506 4549 3759 4614 XXVII
3805 4548 4078 4614 ostendi.

1412 4670 1681 4735 Restant
1724 4669 1854 4735 stili
1900 4669 2242 4735 diversitas
2288 4671 2768 4752 studiorumque
2815 4669 3271 4736 dissimilitudo
3315 4677 3771 4752 auctorumque
3809 4669 4121 4735 delectus.
4200 4669 4313 4733 illo
4344 4667 4500 4731 dili-

1242 4798 1467 4874 genter
1509 4799 1575 4857 et
1618 4791 1866 4856 erudite
1910 4791 2296 4874 investigato
2329 4791 2707 4856 Schirrenus
2740 4790 3172 4876 compluribus
3201 4789 3361 4855 locis
3391 4797 3562 4856 recte
3591 4791 3855 4874 agnovit
3885 4791 4022 4855 sive
4054 4788 4498 4856 Cassiodoria-

1246 4935 1394 4980 nam
1426 4913 1877 5000 proprietatem
1910 4913 2069 4995 sive,
2120 4913 2290 4995 quod
2322 4913 2596 4978 fortasse
2627 4911 2865 4978 rectius
2908 4917 3028 4992 631,
3083 4911 3222 4976 61113
3267 4911 3510 4977 33661111
3555 4930 3760 4995 genus
3805 4910 4061 4976 dicendi
4105 4916 4396 4976 ornatum
4416 4913 4486 4994 ⁸⁰)

1422 5174 1503 5238 78)
1546 5176 1620 5224 Ob
1656 5176 1920 5224 infantiam
1959 5176 2216 5237 scriptoris
2253 5175 2464 5223 dubium
2501 5179 2596 5234 est,
2637 5179 2808 5222 utrum
2847 5175 2997 5222 verba
3036 5175 3126 5221 ‘ab
3163 5174 3279 5221 olim
3317 5178 3369 5220 et
3403 5186 3565 5234 usque
3601 5187 3736 5221 nunc
3767 5187 3859 5235 per
3882 5174 4228 5233 generationes
4251 5185 4494 5232 regesque

1246 5261 1688 5311 ‘descendentem'
1727 5262 1788 5309 ad
1826 5276 1879 5310 se
1916 5263 2095 5310 reserat
2130 5276 2192 5309 an
2231 5262 2290 5309 ad
2334 5267 2602 5308 auctorem.
2676 5274 2788 5308 cum
2842 5260 3128 5307 ‘volumina
3173 5286 3244 5294 —
3290 5259 3702 5307 descendentem'
3750 5262 4052 5320 coniungere
4100 5274 4189 5320 per
4235 5258 4495 5307 Iordanem

1243 5351 1416 5410 liceat,
1469 5350 1561 5397 hoc
1608 5351 1763 5408 magis
1811 5349 2091 5410 probarim,
2133 5362 2433 5408 quamquam
2481 5347 2731 5396 Senatoris
2781 5347 2894 5394 libri
2944 5353 3078 5393 certe
3127 5359 3223 5393 non
3274 5347 3635 5408 perveniebant
3688 5347 3767 5394 ‘et
3808 5361 3969 5407 usque
4008 5347 4184 5406 nunc',
4239 5345 4367 5406 quod
4415 5358 4496 5391 se-

1243 5437 1463 5484 cundum
1499 5434 1651 5485 huius
1686 5434 1905 5482 hominis
1941 5433 2359 5481 consuetudinem
2398 5434 2647 5492 significat
2687 5433 2780 5480 ‘ad
2818 5438 3018 5494 tempus
3055 5433 3331 5493 praesens'.
3398 5432 3485 5480 sed
3520 5432 3579 5479 ad
3617 5434 3775 5494 ipsam
3813 5447 3918 5480 rem
3954 5446 4053 5480 non
4090 5432 4305 5480 multum
4338 5433 4497 5479 inter-

1241 5528 1348 5583 est3
1388 5522 1709 5584 partitionem
1746 5522 1886 5568 enim
1922 5521 2165 5581 epitomae
2202 5521 2403 5567 omnino
2439 5519 2673 5567 Iordanes
2710 5520 2770 5566 ab
2807 5525 3002 5566 auctore
3041 5518 3274 5579 sumpsit.

1416 5607 1495 5670 79)
1541 5608 1683 5666 Quod
1707 5608 1869 5655 suasit
1894 5606 2274 5654 Gutschmidius
2301 5620 2354 5667 p.
2387 5604 2500 5666 124,
2544 5612 2604 5653 ut
2635 5606 2785 5654 verba
2826 5606 3060 5653 ‘initium
3086 5603 3363 5665 finemque'
3401 5606 3674 5664 iungantur
3699 5619 3811 5652 cum
3837 5604 4255 5667 praecedentibus
4298 5602 4495 5651 ‘addidi

1248 5692 1669 5755 ‘convenientia'‚
1710 5695 1772 5740 ab
1808 5693 1979 5741 ordine
2017 5694 2275 5740 verborum
2315 5693 2534 5754 simplici
2573 5693 2802 5753 scriptori
2838 5697 3074 5739 consueto
3111 5692 3321 5738 nimium
3359 5691 3562 5740 recedit.

1415 5779 1496 5840 80)
1540 5780 1647 5826 Non
1674 5781 1719 5828 is
1745 5780 2086 5827 Cassiodorius
2111 5780 2230 5836 fuit,
2270 5779 2356 5839 qui
2398 5794 2579 5827 novum
2619 5779 2869 5826 scribendi
2907 5792 3066 5836 genus
3102 5779 3433 5836 excogitaret:
3476 5779 3625 5824 immo
3665 5792 3786 5825 usus
3824 5785 3902 5824 est
3939 5779 4122 5837 paratis
4160 5791 4320 5836 neque
4357 5776 4492 5823 aliud
