<?xml version="1.0" encoding="UTF-8"?>
<!DOCTYPE html PUBLIC "-//W3C//DTD XHTML 1.0 Transitional//EN"
    "http://www.w3.org/TR/xhtml1/DTD/xhtml1-transitional.dtd">
<html xmlns="http://www.w3.org/1999/xhtml" xml:lang="en" lang="en">
 <head>
  <title>
</title>
<meta http-equiv="Content-Type" content="text/html;charset=utf-8" />
  <meta name='ocr-system' content='tesseract 3.04.00' />
  <meta name='ocr-capabilities' content='ocr_page ocr_carea ocr_par ocr_line ocrx_word'/>
</head>
<body>
  <div class='ocr_page' id='page_1' title='image "./romanaetgetica00mommgoog_0063.png"; bbox 0 0 4882 6775; ppageno 0'>
   <div class='ocr_carea' id='block_1_1' title="bbox 1843 455 3700 538">
    <p class='ocr_par' dir='ltr' id='par_1_1' title="bbox 1843 455 3700 538">
     <span class='ocr_line' id='line_1_1' title="bbox 1843 455 3700 538; baseline 0.004 -24"><span class='ocrx_word' id='word_1_1' title='bbox 1843 460 2304 517; x_wconf 70' lang='lat' dir='ltr'>Pnoonmvu.</span> <span class='ocrx_word' id='word_1_2' title='bbox 2794 530 2803 538; x_wconf 42' lang='grc'>,</span> <span class='ocrx_word' id='word_1_3' title='bbox 3523 455 3700 521; x_wconf 86' lang='lat' dir='ltr'><strong>LVII</strong></span> 
     </span>
    </p>
   </div>
   <div class='ocr_carea' id='block_1_2' title="bbox 454 680 3700 893">
    <p class='ocr_par' dir='ltr' id='par_1_2' title="bbox 454 680 3700 893">
     <span class='ocr_line' id='line_1_2' title="bbox 454 680 3700 771; baseline -0.003 -19"><span class='ocrx_word' id='word_1_4' title='bbox 454 685 779 753; x_wconf 83' lang='lat' dir='ltr'><strong>adfuerint</strong></span> <span class='ocrx_word' id='word_1_5' title='bbox 819 705 1056 770; x_wconf 91' lang='lat' dir='ltr'>necne,</span> <span class='ocrx_word' id='word_1_6' title='bbox 1120 684 1481 769; x_wconf 90' lang='lat' dir='ltr'>ignoratur,</span> <span class='ocrx_word' id='word_1_7' title='bbox 1545 684 1845 767; x_wconf 89' lang='lat' dir='ltr'>quoniam</span> <span class='ocrx_word' id='word_1_8' title='bbox 1891 691 2193 771; x_wconf 85' lang='lat' dir='ltr'>excerpta</span> <span class='ocrx_word' id='word_1_9' title='bbox 2236 704 2401 768; x_wconf 89' lang='lat' dir='ltr'>quae</span> <span class='ocrx_word' id='word_1_10' title='bbox 2448 684 2588 751; x_wconf 90' lang='lat' dir='ltr'>sola</span> <span class='ocrx_word' id='word_1_11' title='bbox 2632 689 2976 768; x_wconf 79' lang='lat' dir='ltr'><strong>supersunt</strong></span> <span class='ocrx_word' id='word_1_12' title='bbox 3018 680 3104 748; x_wconf 89' lang='lat' dir='ltr'>ad</span> <span class='ocrx_word' id='word_1_13' title='bbox 3162 700 3276 746; x_wconf 91' lang='lat' dir='ltr'>eas</span> <span class='ocrx_word' id='word_1_14' title='bbox 3319 684 3534 764; x_wconf 89' lang='lat' dir='ltr'>partes</span> <span class='ocrx_word' id='word_1_15' title='bbox 3575 698 3700 744; x_wconf 94' lang='lat' dir='ltr'>non</span> 
     </span>
     <span class='ocr_line' id='line_1_3' title="bbox 459 807 858 893; baseline -0.005 -19"><span class='ocrx_word' id='word_1_16' title='bbox 459 807 858 893; x_wconf 90' lang='lat' dir='ltr'>perveniunt.</span> 
     </span>
    </p>
   </div>
   <div class='ocr_carea' id='block_1_3' title="bbox 464 937 3702 1149">
    <p class='ocr_par' dir='ltr' id='par_1_3' title="bbox 464 937 3702 1149">
     <span class='ocr_line' id='line_1_4' title="bbox 633 937 3702 1029; baseline -0.003 -19"><span class='ocrx_word' id='word_1_17' title='bbox 633 943 878 1010; x_wconf 80' lang='lat' dir='ltr'>Classis</span> <span class='ocrx_word' id='word_1_18' title='bbox 908 943 1069 1029; x_wconf 85' lang='lat' dir='ltr'>haec</span> <span class='ocrx_word' id='word_1_19' title='bbox 1115 944 1256 1010; x_wconf 89' lang='lat' dir='ltr'>sola</span> <span class='ocrx_word' id='word_1_20' title='bbox 1300 949 1518 1008; x_wconf 91' lang='lat' dir='ltr'>contra</span> <span class='ocrx_word' id='word_1_21' title='bbox 1562 942 1839 1026; x_wconf 92' lang='lat' dir='ltr'>reliquos</span> <span class='ocrx_word' id='word_1_22' title='bbox 1885 942 2353 1009; x_wconf 88' lang='lat' dir='ltr'>consentientes</span> <span class='ocrx_word' id='word_1_23' title='bbox 2383 963 2606 1009; x_wconf 90' lang='lat' dir='ltr'>verum</span> <span class='ocrx_word' id='word_1_24' title='bbox 2652 940 3011 1007; x_wconf 82' lang='lat' dir='ltr'>servavisse</span> <span class='ocrx_word' id='word_1_25' title='bbox 3056 959 3183 1005; x_wconf 93' lang='lat' dir='ltr'>non</span> <span class='ocrx_word' id='word_1_26' title='bbox 3212 937 3502 1017; x_wconf 81' lang='lat' dir='ltr'>videtur3</span> <span class='ocrx_word' id='word_1_27' title='bbox 3553 957 3702 1003; x_wconf 89' lang='lat' dir='ltr'>nam</span> 
     </span>
     <span class='ocr_line' id='line_1_5' title="bbox 464 1061 2663 1149; baseline -0.003 -17"><span class='ocrx_word' id='word_1_28' title='bbox 464 1064 571 1148; x_wconf 91' lang='lat' dir='ltr'>qui</span> <span class='ocrx_word' id='word_1_29' title='bbox 619 1065 967 1149; x_wconf 80' lang='lat' dir='ltr'>sequuntur</span> <span class='ocrx_word' id='word_1_30' title='bbox 1010 1063 1133 1129; x_wconf 93' lang='lat' dir='ltr'>loci</span> <span class='ocrx_word' id='word_1_31' title='bbox 1178 1062 1264 1129; x_wconf 90' lang='lat' dir='ltr'>ad</span> <span class='ocrx_word' id='word_1_32' title='bbox 1308 1063 1372 1128; x_wconf 94' lang='lat' dir='ltr'>id</span> <span class='ocrx_word' id='word_1_33' title='bbox 1419 1062 1983 1129; x_wconf 89' lang='lat' dir='ltr'>demonstrandum</span> <span class='ocrx_word' id='word_1_34' title='bbox 2029 1084 2255 1149; x_wconf 89' lang='lat' dir='ltr'>parum</span> <span class='ocrx_word' id='word_1_35' title='bbox 2301 1061 2663 1128; x_wconf 87' lang='lat' dir='ltr'>sufficiunt:</span> 
     </span>
    </p>
   </div>
   <div class='ocr_carea' id='block_1_4' title="bbox 717 1194 3087 1390">
    <p class='ocr_par' dir='ltr' id='par_1_4' title="bbox 717 1194 3087 1390">
     <span class='ocr_line' id='line_1_6' title="bbox 717 1194 3087 1287; baseline -0.003 -20"><span class='ocrx_word' id='word_1_36' title='bbox 717 1224 782 1287; x_wconf 89' lang='lat' dir='ltr'>p.</span> <span class='ocrx_word' id='word_1_37' title='bbox 834 1206 938 1284; x_wconf 84' lang='lat'>72,</span> <span class='ocrx_word' id='word_1_38' title='bbox 997 1206 1073 1264; x_wconf 84' lang='lat'>15</span> <span class='ocrx_word' id='word_1_39' title='bbox 1120 1201 1363 1284; x_wconf 89' lang='lat' dir='ltr'>gothile</span> <span class='ocrx_word' id='word_1_40' title='bbox 1413 1205 1517 1266; x_wconf 90' lang='lat' dir='ltr'>OB</span> <span class='ocrx_word' id='word_1_41' title='bbox 1570 1196 1929 1287; x_wconf 78' lang='grc' dir='ltr'>(Κοθήλας),</span> <span class='ocrx_word' id='word_1_42' title='bbox 1982 1201 2300 1286; x_wconf 72' lang='lat' dir='ltr'>gudil(a]e</span> <span class='ocrx_word' id='word_1_43' title='bbox 2349 1194 2718 1281; x_wconf 79' lang='lat' dir='ltr'>HPVLXYZ,</span> <span class='ocrx_word' id='word_1_44' title='bbox 2773 1198 2992 1282; x_wconf 90' lang='lat' dir='ltr'>gadile</span> <span class='ocrx_word' id='word_1_45' title='bbox 3041 1198 3087 1261; x_wconf 85' lang='grc' dir='ltr'><em>Α</em></span> 
     </span>
     <span class='ocr_line' id='line_1_7' title="bbox 800 1306 2956 1390; baseline -0.001 -23"><span class='ocrx_word' id='word_1_46' title='bbox 800 1308 942 1387; x_wconf 94' lang='grc'>119,</span> <span class='ocrx_word' id='word_1_47' title='bbox 1001 1308 1076 1368; x_wconf 92' lang='grc'>19</span> <span class='ocrx_word' id='word_1_48' title='bbox 1123 1306 1554 1387; x_wconf 89' lang='lat' dir='ltr'>ar(e)uernate</span> <span class='ocrx_word' id='word_1_49' title='bbox 1603 1308 1727 1387; x_wconf 88' lang='lat' dir='ltr'>OB,</span> <span class='ocrx_word' id='word_1_50' title='bbox 1780 1312 2158 1390; x_wconf 89' lang='lat' dir='ltr'>preuernate</span> <span class='ocrx_word' id='word_1_51' title='bbox 2202 1306 2555 1368; x_wconf 76' lang='lat' dir='ltr'>sinu‘literve</span> <span class='ocrx_word' id='word_1_52' title='bbox 2599 1307 2956 1367; x_wconf 79' lang='lat' dir='ltr'><em>HPVLXYZ</em></span> 
     </span>
    </p>
   </div>
   <div class='ocr_carea' id='block_1_5' title="bbox 466 1440 2629 1665">
    <p class='ocr_par' dir='ltr' id='par_1_5' title="bbox 466 1440 2629 1665">
     <span class='ocr_line' id='line_1_8' title="bbox 466 1440 2135 1525; baseline -0.001 -16"><span class='ocrx_word' id='word_1_53' title='bbox 466 1450 685 1509; x_wconf 89' lang='lat' dir='ltr'>contra</span> <span class='ocrx_word' id='word_1_54' title='bbox 728 1443 1008 1525; x_wconf 90' lang='lat' dir='ltr'>reliquos</span> <span class='ocrx_word' id='word_1_55' title='bbox 1054 1440 1507 1508; x_wconf 83' lang='lat' dir='ltr'>dissentientes</span> <span class='ocrx_word' id='word_1_56' title='bbox 1552 1462 1774 1507; x_wconf 90' lang='lat' dir='ltr'>verum</span> <span class='ocrx_word' id='word_1_57' title='bbox 1820 1442 2135 1509; x_wconf 87' lang='lat' dir='ltr'>servavit:</span> 
     </span>
     <span class='ocr_line' id='line_1_9' title="bbox 722 1578 2629 1665; baseline -0.003 -19"><span class='ocrx_word' id='word_1_58' title='bbox 722 1602 788 1665; x_wconf 88' lang='lat' dir='ltr'>p.</span> <span class='ocrx_word' id='word_1_59' title='bbox 841 1582 943 1663; x_wconf 91' lang='grc'>79,</span> <span class='ocrx_word' id='word_1_60' title='bbox 1002 1584 1077 1643; x_wconf 84' lang='grc'>15</span> <span class='ocrx_word' id='word_1_61' title='bbox 1125 1578 1361 1661; x_wconf 85' lang='lat' dir='ltr'>degere</span> <span class='ocrx_word' id='word_1_62' title='bbox 1408 1578 1590 1663; x_wconf 84' lang='lat' dir='ltr'>AOB,</span> <span class='ocrx_word' id='word_1_63' title='bbox 1643 1579 1880 1646; x_wconf 88' lang='lat' dir='ltr'>dedere</span> <span class='ocrx_word' id='word_1_64' title='bbox 1928 1584 2154 1663; x_wconf 88' lang='lat' dir='ltr'>HPVL,</span> <span class='ocrx_word' id='word_1_65' title='bbox 2209 1578 2434 1645; x_wconf 89' lang='lat' dir='ltr'>decore</span> <span class='ocrx_word' id='word_1_66' title='bbox 2483 1582 2629 1641; x_wconf 79' lang='lat' dir='ltr'>XYZ</span> 
     </span>
    </p>
   </div>
   <div class='ocr_carea' id='block_1_6' title="bbox 640 1712 3709 1802">
    <p class='ocr_par' dir='ltr' id='par_1_6' title="bbox 640 1712 3709 1802">
     <span class='ocr_line' id='line_1_10' title="bbox 640 1712 3709 1802; baseline -0.001 -21"><span class='ocrx_word' id='word_1_67' title='bbox 640 1716 887 1795; x_wconf 83' lang='lat' dir='ltr'>Quibus</span> <span class='ocrx_word' id='word_1_68' title='bbox 932 1716 1095 1781; x_wconf 93' lang='lat' dir='ltr'>locis</span> <span class='ocrx_word' id='word_1_69' title='bbox 1142 1716 1207 1782; x_wconf 94' lang='lat' dir='ltr'>in</span> <span class='ocrx_word' id='word_1_70' title='bbox 1253 1716 1574 1781; x_wconf 88' lang='lat' dir='ltr'>erroribus</span> <span class='ocrx_word' id='word_1_71' title='bbox 1621 1716 1847 1782; x_wconf 88' lang='lat' dir='ltr'>classis</span> <span class='ocrx_word' id='word_1_72' title='bbox 1891 1718 2097 1802; x_wconf 89' lang='lat' dir='ltr'>prima</span> <span class='ocrx_word' id='word_1_73' title='bbox 2128 1725 2193 1783; x_wconf 93' lang='lat' dir='ltr'>et</span> <span class='ocrx_word' id='word_1_74' title='bbox 2222 1714 2507 1783; x_wconf 87' lang='lat' dir='ltr'>secunda</span> <span class='ocrx_word' id='word_1_75' title='bbox 2538 1714 2956 1796; x_wconf 84' lang='lat' dir='ltr'>consentiant,</span> <span class='ocrx_word' id='word_1_76' title='bbox 3008 1713 3091 1778; x_wconf 91' lang='lat' dir='ltr'>ad</span> <span class='ocrx_word' id='word_1_77' title='bbox 3122 1713 3374 1779; x_wconf 83' lang='lat' dir='ltr'>tertiam</span> <span class='ocrx_word' id='word_1_78' title='bbox 3406 1712 3709 1798; x_wconf 83' lang='lat' dir='ltr'>exposui-</span> 
     </span>
    </p>
   </div>
   <div class='ocr_carea' id='block_1_7' title="bbox 469 1830 3712 2024">
    <p class='ocr_par' dir='ltr' id='par_1_7' title="bbox 469 1830 3712 2024">
     <span class='ocr_line' id='line_1_11' title="bbox 469 1830 3712 1922; baseline -0.001 -20"><span class='ocrx_word' id='word_1_79' title='bbox 469 1858 610 1903; x_wconf 88' lang='lat' dir='ltr'>mus</span> <span class='ocrx_word' id='word_1_80' title='bbox 650 1840 733 1922; x_wconf 88' lang='lat' dir='ltr'>(p.</span> <span class='ocrx_word' id='word_1_81' title='bbox 770 1836 1002 1921; x_wconf 88' lang='lat' dir='ltr'>LXII).</span> <span class='ocrx_word' id='word_1_82' title='bbox 1084 1837 1191 1902; x_wconf 92' lang='lat' dir='ltr'>ubi</span> <span class='ocrx_word' id='word_1_83' title='bbox 1236 1836 1644 1904; x_wconf 89' lang='lat' dir='ltr'>consentiunt</span> <span class='ocrx_word' id='word_1_84' title='bbox 1683 1836 1752 1902; x_wconf 93' lang='lat' dir='ltr'>in</span> <span class='ocrx_word' id='word_1_85' title='bbox 1796 1858 2005 1904; x_wconf 90' lang='lat' dir='ltr'>errore</span> <span class='ocrx_word' id='word_1_86' title='bbox 2036 1838 2289 1904; x_wconf 91' lang='lat' dir='ltr'>codices</span> <span class='ocrx_word' id='word_1_87' title='bbox 2320 1830 2579 1920; x_wconf 80' lang='lat' dir='ltr'>quida&#39;m</span> <span class='ocrx_word' id='word_1_88' title='bbox 2613 1834 2843 1901; x_wconf 90' lang='lat' dir='ltr'>classis</span> <span class='ocrx_word' id='word_1_89' title='bbox 2887 1834 3134 1920; x_wconf 87' lang='lat' dir='ltr'>primae</span> <span class='ocrx_word' id='word_1_90' title='bbox 3165 1841 3229 1899; x_wconf 92' lang='lat' dir='ltr'>et</span> <span class='ocrx_word' id='word_1_91' title='bbox 3260 1833 3600 1916; x_wconf 89' lang='lat' dir='ltr'>secundae,</span> <span class='ocrx_word' id='word_1_92' title='bbox 3641 1840 3712 1900; x_wconf 90' lang='lat' dir='ltr'>ut</span> 
     </span>
     <span class='ocr_line' id='line_1_12' title="bbox 472 1957 1062 2024; baseline -0.005 0"><span class='ocrx_word' id='word_1_93' title='bbox 472 1958 685 2024; x_wconf 87' lang='lat' dir='ltr'>evenit</span> <span class='ocrx_word' id='word_1_94' title='bbox 726 1957 885 2023; x_wconf 89' lang='lat' dir='ltr'>locis</span> <span class='ocrx_word' id='word_1_95' title='bbox 929 1957 1062 2022; x_wconf 91' lang='lat' dir='ltr'>his:</span> 
     </span>
    </p>
   </div>
   <div class='ocr_carea' id='block_1_8' title="bbox 728 2094 2662 2386">
    <p class='ocr_par' dir='ltr' id='par_1_8' title="bbox 728 2094 2662 2386">
     <span class='ocr_line' id='line_1_13' title="bbox 728 2094 1959 2179; baseline -0.002 -20"><span class='ocrx_word' id='word_1_96' title='bbox 728 2116 791 2179; x_wconf 88' lang='lat' dir='ltr'>p.</span> <span class='ocrx_word' id='word_1_97' title='bbox 847 2097 947 2177; x_wconf 88' lang='lat'>81,</span> <span class='ocrx_word' id='word_1_98' title='bbox 1004 2096 1041 2157; x_wconf 88' lang='lat'><strong>3</strong></span> <span class='ocrx_word' id='word_1_99' title='bbox 1086 2113 1278 2177; x_wconf 86' lang='lat' dir='ltr'>aegre</span> <span class='ocrx_word' id='word_1_100' title='bbox 1324 2094 1602 2161; x_wconf 90' lang='lat' dir='ltr'>ferentes</span> <span class='ocrx_word' id='word_1_101' title='bbox 1648 2117 1761 2159; x_wconf 87' lang='lat' dir='ltr'>om.</span> <span class='ocrx_word' id='word_1_102' title='bbox 1803 2099 1959 2160; x_wconf 90' lang='lat' dir='ltr'>LOB</span> 
     </span>
     <span class='ocr_line' id='line_1_14' title="bbox 844 2199 2413 2281; baseline -0.001 -19"><span class='ocrx_word' id='word_1_103' title='bbox 844 2200 949 2281; x_wconf 86' lang='lat'>88,</span> <span class='ocrx_word' id='word_1_104' title='bbox 1007 2202 1032 2261; x_wconf 92' lang='lat'>1</span> <span class='ocrx_word' id='word_1_105' title='bbox 1088 2217 1179 2263; x_wconf 81' lang='lat' dir='ltr'>Lx</span> <span class='ocrx_word' id='word_1_106' title='bbox 1226 2200 1451 2279; x_wconf 76' lang='lat' dir='ltr'>annos]</span> <span class='ocrx_word' id='word_1_107' title='bbox 1507 2199 1892 2280; x_wconf 78' lang='lat' dir='ltr'>IIPVLAOX,</span> <span class='ocrx_word' id='word_1_108' title='bbox 1944 2199 2010 2264; x_wconf 82' lang='lat' dir='ltr'>xl</span> <span class='ocrx_word' id='word_1_109' title='bbox 2056 2217 2258 2263; x_wconf 90' lang='lat' dir='ltr'>annos</span> <span class='ocrx_word' id='word_1_110' title='bbox 2301 2203 2413 2261; x_wconf 88' lang='lat' dir='ltr'>BY</span> 
     </span>
     <span class='ocr_line' id='line_1_15' title="bbox 1000 2300 2662 2386; baseline -0.001 -21"><span class='ocrx_word' id='word_1_111' title='bbox 1000 2302 1038 2365; x_wconf 89' lang='lat'>8</span> <span class='ocrx_word' id='word_1_112' title='bbox 1086 2300 1570 2386; x_wconf 87' lang='lat' dir='ltr'>Golthescytha]</span> <span class='ocrx_word' id='word_1_113' title='bbox 1628 2301 1880 2385; x_wconf 66' lang='lat' dir='ltr'>PVbLY,</span> <span class='ocrx_word' id='word_1_114' title='bbox 1940 2302 2365 2385; x_wconf 86' lang='lat' dir='ltr'>gothescytha</span> <span class='ocrx_word' id='word_1_115' title='bbox 2411 2306 2468 2363; x_wconf 92' lang='lat' dir='ltr'><em>H</em></span> <span class='ocrx_word' id='word_1_116' title='bbox 2480 2305 2662 2367; x_wconf 68' lang='lat'>1&#39;0013</span> 
     </span>
    </p>
   </div>
   <div class='ocr_carea' id='block_1_9' title="bbox 470 2437 1680 2505">
    <p class='ocr_par' dir='ltr' id='par_1_9' title="bbox 470 2437 1680 2505">
     <span class='ocr_line' id='line_1_16' title="bbox 470 2437 1680 2505; baseline -0.002 0"><span class='ocrx_word' id='word_1_117' title='bbox 470 2438 538 2505; x_wconf 91' lang='lat' dir='ltr'>id</span> <span class='ocrx_word' id='word_1_118' title='bbox 584 2439 724 2504; x_wconf 89' lang='lat' dir='ltr'>sine</span> <span class='ocrx_word' id='word_1_119' title='bbox 768 2437 963 2502; x_wconf 91' lang='lat' dir='ltr'>dubio</span> <span class='ocrx_word' id='word_1_120' title='bbox 1007 2458 1181 2504; x_wconf 89' lang='lat' dir='ltr'>mero</span> <span class='ocrx_word' id='word_1_121' title='bbox 1227 2458 1382 2504; x_wconf 89' lang='lat' dir='ltr'>casu</span> <span class='ocrx_word' id='word_1_122' title='bbox 1427 2437 1680 2505; x_wconf 89' lang='lat' dir='ltr'>accidit.</span> 
     </span>
    </p>
   </div>
   <div class='ocr_carea' id='block_1_10' title="bbox 474 2573 3716 2902">
    <p class='ocr_par' dir='ltr' id='par_1_10' title="bbox 474 2573 3716 2902">
     <span class='ocr_line' id='line_1_17' title="bbox 644 2573 3708 2661; baseline -0.001 -20"><span class='ocrx_word' id='word_1_123' title='bbox 644 2577 743 2641; x_wconf 87' lang='lat' dir='ltr'>Ab</span> <span class='ocrx_word' id='word_1_124' title='bbox 786 2574 1274 2659; x_wconf 86' lang='lat' dir='ltr'>interpolatione</span> <span class='ocrx_word' id='word_1_125' title='bbox 1319 2575 1739 2659; x_wconf 90' lang='lat' dir='ltr'>grammatica</span> <span class='ocrx_word' id='word_1_126' title='bbox 1781 2574 2079 2661; x_wconf 89' lang='lat' dir='ltr'>princeps</span> <span class='ocrx_word' id='word_1_127' title='bbox 2123 2574 2314 2640; x_wconf 91' lang='lat' dir='ltr'>huius</span> <span class='ocrx_word' id='word_1_128' title='bbox 2360 2574 2648 2641; x_wconf 90' lang='lat' dir='ltr'>familiae</span> <span class='ocrx_word' id='word_1_129' title='bbox 2691 2573 2996 2639; x_wconf 91' lang='lat' dir='ltr'>immunis</span> <span class='ocrx_word' id='word_1_130' title='bbox 3043 2573 3236 2639; x_wconf 86' lang='lat' dir='ltr'>fuerit</span> <span class='ocrx_word' id='word_1_131' title='bbox 3279 2591 3545 2638; x_wconf 89' lang='lat' dir='ltr'>necesse</span> <span class='ocrx_word' id='word_1_132' title='bbox 3590 2578 3708 2655; x_wconf 87' lang='lat' dir='ltr'>est,</span> 
     </span>
     <span class='ocr_line' id='line_1_18' title="bbox 474 2694 3716 2779; baseline -0.001 -17"><span class='ocrx_word' id='word_1_133' title='bbox 474 2717 615 2762; x_wconf 91' lang='lat' dir='ltr'>cum</span> <span class='ocrx_word' id='word_1_134' title='bbox 676 2717 756 2762; x_wconf 84' lang='lat' dir='ltr'>ex</span> <span class='ocrx_word' id='word_1_135' title='bbox 809 2695 990 2760; x_wconf 91' lang='lat' dir='ltr'>libris</span> <span class='ocrx_word' id='word_1_136' title='bbox 1034 2715 1193 2779; x_wconf 91' lang='lat' dir='ltr'>quos</span> <span class='ocrx_word' id='word_1_137' title='bbox 1239 2695 1551 2761; x_wconf 91' lang='lat' dir='ltr'>habemus</span> <span class='ocrx_word' id='word_1_138' title='bbox 1597 2695 2090 2761; x_wconf 90' lang='lat' dir='ltr'>Ottobonianum</span> <span class='ocrx_word' id='word_1_139' title='bbox 2135 2702 2303 2761; x_wconf 88' lang='lat' dir='ltr'>certe</span> <span class='ocrx_word' id='word_1_140' title='bbox 2349 2716 2429 2761; x_wconf 88' lang='lat' dir='ltr'>ea</span> <span class='ocrx_word' id='word_1_141' title='bbox 2472 2695 2585 2760; x_wconf 82' lang='lat' dir='ltr'>vix</span> <span class='ocrx_word' id='word_1_142' title='bbox 2630 2694 2947 2778; x_wconf 84' lang='lat' dir='ltr'>attigerit3</span> <span class='ocrx_word' id='word_1_143' title='bbox 3015 2694 3173 2760; x_wconf 90' lang='lat' dir='ltr'>alibi</span> <span class='ocrx_word' id='word_1_144' title='bbox 3218 2701 3433 2760; x_wconf 89' lang='lat' dir='ltr'>autem</span> <span class='ocrx_word' id='word_1_145' title='bbox 3477 2699 3716 2759; x_wconf 89' lang='lat' dir='ltr'>temere</span> 
     </span>
     <span class='ocr_line' id='line_1_19' title="bbox 476 2814 3127 2902; baseline -0.001 -20"><span class='ocrx_word' id='word_1_146' title='bbox 476 2817 844 2882; x_wconf 88' lang='lat' dir='ltr'>immutatus</span> <span class='ocrx_word' id='word_1_147' title='bbox 889 2814 1027 2899; x_wconf 87' lang='lat' dir='ltr'>fuit,</span> <span class='ocrx_word' id='word_1_148' title='bbox 1081 2821 1151 2881; x_wconf 91' lang='lat' dir='ltr'>ut</span> <span class='ocrx_word' id='word_1_149' title='bbox 1194 2837 1260 2901; x_wconf 91' lang='lat' dir='ltr'>p.</span> <span class='ocrx_word' id='word_1_150' title='bbox 1295 2817 1397 2897; x_wconf 88' lang='lat'>78,</span> <span class='ocrx_word' id='word_1_151' title='bbox 1437 2818 1512 2881; x_wconf 88' lang='lat'>18</span> <span class='ocrx_word' id='word_1_152' title='bbox 1560 2818 1840 2880; x_wconf 83' lang='lat' dir='ltr'>barbara</span> <span class='ocrx_word' id='word_1_153' title='bbox 1884 2820 2095 2902; x_wconf 72' lang='lat' dir='ltr'>linqua</span> <span class='ocrx_word' id='word_1_154' title='bbox 2139 2816 2550 2882; x_wconf 88' lang='lat' dir='ltr'>substitutum</span> <span class='ocrx_word' id='word_1_155' title='bbox 2596 2822 2694 2882; x_wconf 89' lang='lat' dir='ltr'>est</span> <span class='ocrx_word' id='word_1_156' title='bbox 2739 2836 2853 2901; x_wconf 92' lang='lat' dir='ltr'>pro</span> <span class='ocrx_word' id='word_1_157' title='bbox 2895 2819 3127 2900; x_wconf 79' lang='lat' dir='ltr'>patria.</span> 
     </span>
    </p>
   </div>
   <div class='ocr_carea' id='block_1_11' title="bbox 643 2952 2019 3038">
    <p class='ocr_par' dir='ltr' id='par_1_11' title="bbox 643 2952 2019 3038">
     <span class='ocr_line' id='line_1_20' title="bbox 643 2952 2019 3038; baseline 0.001 -20"><span class='ocrx_word' id='word_1_158' title='bbox 643 2954 781 3019; x_wconf 90' lang='lat' dir='ltr'>Iam</span> <span class='ocrx_word' id='word_1_159' title='bbox 827 2952 1208 3038; x_wconf 86' lang='lat' dir='ltr'>singillatim</span> <span class='ocrx_word' id='word_1_160' title='bbox 1252 2960 1453 3019; x_wconf 91' lang='lat' dir='ltr'>testes</span> <span class='ocrx_word' id='word_1_161' title='bbox 1498 2954 2019 3020; x_wconf 86' lang='lat' dir='ltr'>recensebuntur.</span> 
     </span>
    </p>
   </div>
   <div class='ocr_carea' id='block_1_12' title="bbox 472 3088 4113 5708">
    <p class='ocr_par' dir='ltr' id='par_1_12' title="bbox 472 3088 4113 5708">
     <span class='ocr_line' id='line_1_21' title="bbox 646 3088 4113 3176; baseline -0.002 -21"><span class='ocrx_word' id='word_1_162' title='bbox 646 3092 917 3158; x_wconf 65' lang='lat' dir='ltr'>PAvas</span> <span class='ocrx_word' id='word_1_163' title='bbox 962 3108 1305 3156; x_wconf 69' lang='lat' dir='ltr'>DlAcolvvs</span> <span class='ocrx_word' id='word_1_164' title='bbox 1349 3089 1655 3157; x_wconf 82' lang='lat' dir='ltr'>historiae</span> <span class='ocrx_word' id='word_1_165' title='bbox 1699 3092 2055 3173; x_wconf 87' lang='lat' dir='ltr'>Romanae,</span> <span class='ocrx_word' id='word_1_166' title='bbox 2123 3112 2316 3175; x_wconf 90' lang='lat' dir='ltr'>quam</span> <span class='ocrx_word' id='word_1_167' title='bbox 2367 3090 2625 3176; x_wconf 81' lang='lat' dir='ltr'>scripsit</span> <span class='ocrx_word' id='word_1_168' title='bbox 2668 3096 2817 3156; x_wconf 88' lang='lat' dir='ltr'>ante</span> <span class='ocrx_word' id='word_1_169' title='bbox 2862 3111 2927 3156; x_wconf 90' lang='lat' dir='ltr'>a.</span> <span class='ocrx_word' id='word_1_170' title='bbox 2966 3093 3108 3171; x_wconf 85' lang='grc'>774,</span> <span class='ocrx_word' id='word_1_171' title='bbox 3176 3110 3256 3156; x_wconf 84' lang='lat' dir='ltr'>ex</span> <span class='ocrx_word' id='word_1_172' title='bbox 3300 3088 3591 3155; x_wconf 91' lang='lat' dir='ltr'>Iordanis</span> <span class='ocrx_word' id='word_1_173' title='bbox 3635 3089 3717 3155; x_wconf 90' lang='lat' dir='ltr'>li-</span> <span class='ocrx_word' id='word_1_174' title='bbox 3744 3104 3968 3158; x_wconf 71' lang='lat' dir='ltr'>Excerpt·</span> <span class='ocrx_word' id='word_1_175' title='bbox 3986 3105 4113 3148; x_wconf 61' lang='lat' dir='ltr'>rann</span> 
     </span>
     <span class='ocr_line' id='line_1_22' title="bbox 478 3209 3720 3297; baseline -0.001 -18"><span class='ocrx_word' id='word_1_176' title='bbox 478 3212 649 3279; x_wconf 88' lang='lat' dir='ltr'>bello</span> <span class='ocrx_word' id='word_1_177' title='bbox 693 3219 960 3294; x_wconf 91' lang='lat' dir='ltr'>utroque</span> <span class='ocrx_word' id='word_1_178' title='bbox 1003 3219 1306 3297; x_wconf 83' lang='lat' dir='ltr'>excerpta</span> <span class='ocrx_word' id='word_1_179' title='bbox 1349 3212 1681 3297; x_wconf 91' lang='lat' dir='ltr'>complura</span> <span class='ocrx_word' id='word_1_180' title='bbox 1720 3212 2008 3293; x_wconf 89' lang='lat' dir='ltr'>inseruit,</span> <span class='ocrx_word' id='word_1_181' title='bbox 2061 3233 2266 3297; x_wconf 91' lang='lat' dir='ltr'>pauca</span> <span class='ocrx_word' id='word_1_182' title='bbox 2310 3211 2545 3278; x_wconf 90' lang='lat' dir='ltr'>deinde</span> <span class='ocrx_word' id='word_1_183' title='bbox 2583 3210 2883 3277; x_wconf 87' lang='lat' dir='ltr'>historiae</span> <span class='ocrx_word' id='word_1_184' title='bbox 2912 3209 3503 3295; x_wconf 88' lang='lat' dir='ltr'>Langobardorum,</span> <span class='ocrx_word' id='word_1_185' title='bbox 3554 3230 3720 3293; x_wconf 85' lang='lat' dir='ltr'>quae</span> 
     </span>
     <span class='ocr_line' id='line_1_23' title="bbox 472 3330 3723 3418; baseline 0 -20"><span class='ocrx_word' id='word_1_186' title='bbox 472 3339 741 3416; x_wconf 91' lang='lat' dir='ltr'>utraque</span> <span class='ocrx_word' id='word_1_187' title='bbox 786 3352 904 3399; x_wconf 90' lang='lat' dir='ltr'>nos</span> <span class='ocrx_word' id='word_1_188' title='bbox 934 3332 1001 3399; x_wconf 94' lang='lat' dir='ltr'>in</span> <span class='ocrx_word' id='word_1_189' title='bbox 1034 3331 1330 3399; x_wconf 89' lang='lat' dir='ltr'>editionis</span> <span class='ocrx_word' id='word_1_190' title='bbox 1365 3332 1652 3417; x_wconf 89' lang='lat' dir='ltr'>margine</span> <span class='ocrx_word' id='word_1_191' title='bbox 1683 3332 1979 3400; x_wconf 90' lang='lat' dir='ltr'>inferiore</span> <span class='ocrx_word' id='word_1_192' title='bbox 2007 3332 2456 3400; x_wconf 85' lang='lat' dir='ltr'>indicavimus.</span> <span class='ocrx_word' id='word_1_193' title='bbox 2535 3331 2710 3398; x_wconf 86' lang='lat' dir='ltr'>Flori</span> <span class='ocrx_word' id='word_1_194' title='bbox 2753 3332 2927 3398; x_wconf 92' lang='lat' dir='ltr'>locos</span> <span class='ocrx_word' id='word_1_195' title='bbox 2971 3337 3041 3398; x_wconf 92' lang='lat' dir='ltr'>ut</span> <span class='ocrx_word' id='word_1_196' title='bbox 3068 3330 3377 3398; x_wconf 87' lang='lat' dir='ltr'>Iordanes</span> <span class='ocrx_word' id='word_1_197' title='bbox 3416 3331 3578 3418; x_wconf 89' lang='lat' dir='ltr'>ipse,</span> <span class='ocrx_word' id='word_1_198' title='bbox 3629 3330 3723 3398; x_wconf 90' lang='lat' dir='ltr'>ita</span> 
     </span>
     <span class='ocr_line' id='line_1_24' title="bbox 473 3451 3721 3539; baseline 0 -20"><span class='ocrx_word' id='word_1_199' title='bbox 473 3454 665 3520; x_wconf 88' lang='lat' dir='ltr'>etiam</span> <span class='ocrx_word' id='word_1_200' title='bbox 712 3452 1085 3538; x_wconf 90' lang='lat' dir='ltr'>compilator</span> <span class='ocrx_word' id='word_1_201' title='bbox 1128 3452 1267 3520; x_wconf 91' lang='lat' dir='ltr'>eius</span> <span class='ocrx_word' id='word_1_202' title='bbox 1312 3459 1573 3539; x_wconf 89' lang='lat' dir='ltr'>propter</span> <span class='ocrx_word' id='word_1_203' title='bbox 1630 3453 2167 3538; x_wconf 90' lang='lat' dir='ltr'>pulchritudinem</span> <span class='ocrx_word' id='word_1_204' title='bbox 2227 3453 2486 3538; x_wconf 88' lang='lat' dir='ltr'>saepius</span> <span class='ocrx_word' id='word_1_205' title='bbox 2544 3452 2630 3518; x_wconf 88' lang='lat' dir='ltr'>ad</span> <span class='ocrx_word' id='word_1_206' title='bbox 2685 3452 2949 3518; x_wconf 89' lang='lat' dir='ltr'>verbum</span> <span class='ocrx_word' id='word_1_207' title='bbox 3008 3451 3318 3518; x_wconf 88' lang='lat' dir='ltr'>reddidit:</span> <span class='ocrx_word' id='word_1_208' title='bbox 3384 3460 3721 3538; x_wconf 88' lang='lat' dir='ltr'>praeterea</span> 
     </span>
     <span class='ocr_line' id='line_1_25' title="bbox 473 3573 3721 3659; baseline -0 -20"><span class='ocrx_word' id='word_1_209' title='bbox 473 3595 624 3641; x_wconf 90' lang='lat' dir='ltr'>vero</span> <span class='ocrx_word' id='word_1_210' title='bbox 657 3574 925 3640; x_wconf 90' lang='lat' dir='ltr'>Paulum</span> <span class='ocrx_word' id='word_1_211' title='bbox 970 3594 1179 3656; x_wconf 91' lang='lat' dir='ltr'>neque</span> <span class='ocrx_word' id='word_1_212' title='bbox 1223 3573 1511 3659; x_wconf 90' lang='lat' dir='ltr'>ineptum</span> <span class='ocrx_word' id='word_1_213' title='bbox 1556 3573 1877 3639; x_wconf 91' lang='lat' dir='ltr'>hominem</span> <span class='ocrx_word' id='word_1_214' title='bbox 1921 3594 2131 3656; x_wconf 90' lang='lat' dir='ltr'>neque</span> <span class='ocrx_word' id='word_1_215' title='bbox 2174 3573 2499 3640; x_wconf 91' lang='lat' dir='ltr'>indoctum</span> <span class='ocrx_word' id='word_1_216' title='bbox 2548 3593 2689 3639; x_wconf 90' lang='lat' dir='ltr'>cum</span> <span class='ocrx_word' id='word_1_217' title='bbox 2734 3593 3137 3657; x_wconf 89' lang='lat' dir='ltr'>nequaquam</span> <span class='ocrx_word' id='word_1_218' title='bbox 3181 3573 3433 3657; x_wconf 89' lang='lat' dir='ltr'>fugeret</span> <span class='ocrx_word' id='word_1_219' title='bbox 3471 3573 3552 3639; x_wconf 89' lang='lat' dir='ltr'>ab</span> <span class='ocrx_word' id='word_1_220' title='bbox 3584 3574 3721 3638; x_wconf 89' lang='lat' dir='ltr'>Ior-</span> 
     </span>
     <span class='ocr_line' id='line_1_26' title="bbox 477 3692 3720 3780; baseline -0 -20"><span class='ocrx_word' id='word_1_221' title='bbox 477 3694 643 3761; x_wconf 89' lang='lat' dir='ltr'>dane</span> <span class='ocrx_word' id='word_1_222' title='bbox 688 3694 969 3780; x_wconf 88' lang='lat' dir='ltr'>pessime</span> <span class='ocrx_word' id='word_1_223' title='bbox 1013 3715 1117 3760; x_wconf 89' lang='lat' dir='ltr'>res</span> <span class='ocrx_word' id='word_1_224' title='bbox 1161 3693 1429 3777; x_wconf 88' lang='lat' dir='ltr'>narrari,</span> <span class='ocrx_word' id='word_1_225' title='bbox 1481 3693 1655 3778; x_wconf 88' lang='lat' dir='ltr'>apud</span> <span class='ocrx_word' id='word_1_226' title='bbox 1700 3714 1845 3760; x_wconf 91' lang='lat' dir='ltr'>eum</span> <span class='ocrx_word' id='word_1_227' title='bbox 1895 3695 2155 3760; x_wconf 87' lang='lat' dir='ltr'>inventa</span> <span class='ocrx_word' id='word_1_228' title='bbox 2196 3694 2265 3759; x_wconf 94' lang='lat' dir='ltr'>in</span> <span class='ocrx_word' id='word_1_229' title='bbox 2310 3694 2576 3759; x_wconf 87' lang='lat' dir='ltr'>formam</span> <span class='ocrx_word' id='word_1_230' title='bbox 2607 3692 2816 3779; x_wconf 87' lang='lat' dir='ltr'>magis</span> <span class='ocrx_word' id='word_1_231' title='bbox 2845 3700 3061 3779; x_wconf 86' lang='lat' dir='ltr'>aptam</span> <span class='ocrx_word' id='word_1_232' title='bbox 3092 3692 3363 3778; x_wconf 88' lang='lat' dir='ltr'>redegit,</span> <span class='ocrx_word' id='word_1_233' title='bbox 3415 3694 3597 3760; x_wconf 91' lang='lat' dir='ltr'>cuius</span> <span class='ocrx_word' id='word_1_234' title='bbox 3626 3693 3720 3760; x_wconf 90' lang='lat' dir='ltr'>rei</span> 
     </span>
     <span class='ocr_line' id='line_1_27' title="bbox 477 3813 3722 3900; baseline 0.001 -22"><span class='ocrx_word' id='word_1_235' title='bbox 477 3813 781 3899; x_wconf 89' lang='lat' dir='ltr'>optimum</span> <span class='ocrx_word' id='word_1_236' title='bbox 829 3816 1191 3900; x_wconf 85' lang='lat' dir='ltr'>exemplum</span> <span class='ocrx_word' id='word_1_237' title='bbox 1228 3813 1599 3900; x_wconf 86' lang='lat' dir='ltr'>suppeditat</span> <span class='ocrx_word' id='word_1_238' title='bbox 1627 3813 1992 3881; x_wconf 85' lang='lat' dir='ltr'>Geticorum</span> <span class='ocrx_word' id='word_1_239' title='bbox 2025 3822 2218 3899; x_wconf 91' lang='lat' dir='ltr'>caput</span> <span class='ocrx_word' id='word_1_240' title='bbox 2246 3819 2352 3879; x_wconf 84' lang='lat'>57.</span> <span class='ocrx_word' id='word_1_241' title='bbox 2430 3815 2522 3881; x_wconf 93' lang='lat' dir='ltr'>ibi</span> <span class='ocrx_word' id='word_1_242' title='bbox 2552 3835 2693 3882; x_wconf 90' lang='lat' dir='ltr'>cum</span> <span class='ocrx_word' id='word_1_243' title='bbox 2723 3814 3031 3880; x_wconf 89' lang='lat' dir='ltr'>Iordanes</span> <span class='ocrx_word' id='word_1_244' title='bbox 3068 3814 3344 3880; x_wconf 88' lang='lat' dir='ltr'>breviter</span> <span class='ocrx_word' id='word_1_245' title='bbox 3387 3820 3451 3880; x_wconf 93' lang='lat' dir='ltr'>et</span> <span class='ocrx_word' id='word_1_246' title='bbox 3494 3835 3722 3900; x_wconf 90' lang='lat' dir='ltr'>parum</span> 
     </span>
     <span class='ocr_line' id='line_1_28' title="bbox 479 3934 3724 4021; baseline 0 -21"><span class='ocrx_word' id='word_1_247' title='bbox 479 3934 782 4000; x_wconf 90' lang='lat' dir='ltr'>concinne</span> <span class='ocrx_word' id='word_1_248' title='bbox 827 3943 1109 4021; x_wconf 84' lang='lat' dir='ltr'>exponat</span> <span class='ocrx_word' id='word_1_249' title='bbox 1152 3934 1617 4002; x_wconf 88' lang='lat' dir='ltr'>Theodericum</span> <span class='ocrx_word' id='word_1_250' title='bbox 1661 3935 1729 4000; x_wconf 94' lang='lat' dir='ltr'>in</span> <span class='ocrx_word' id='word_1_251' title='bbox 1774 3936 1929 4001; x_wconf 90' lang='lat' dir='ltr'>urbe</span> <span class='ocrx_word' id='word_1_252' title='bbox 1960 3935 2507 4020; x_wconf 87' lang='lat' dir='ltr'>Constantinopoli</span> <span class='ocrx_word' id='word_1_253' title='bbox 2552 3935 2735 4001; x_wconf 87' lang='lat' dir='ltr'>bonis</span> <span class='ocrx_word' id='word_1_254' title='bbox 2778 3935 3072 4000; x_wconf 90' lang='lat' dir='ltr'>omnibus</span> <span class='ocrx_word' id='word_1_255' title='bbox 3100 3935 3225 4001; x_wconf 86' lang='lat' dir='ltr'>frui</span> <span class='ocrx_word' id='word_1_256' title='bbox 3254 3935 3553 4020; x_wconf 89' lang='lat' dir='ltr'>potuisse,</span> <span class='ocrx_word' id='word_1_257' title='bbox 3608 3934 3724 4002; x_wconf 91' lang='lat' dir='ltr'>sed</span> 
     </span>
     <span class='ocr_line' id='line_1_29' title="bbox 478 4055 3721 4141; baseline 0 -20"><span class='ocrx_word' id='word_1_258' title='bbox 478 4075 628 4122; x_wconf 90' lang='lat' dir='ltr'>suos</span> <span class='ocrx_word' id='word_1_259' title='bbox 673 4076 814 4122; x_wconf 91' lang='lat' dir='ltr'>cum</span> <span class='ocrx_word' id='word_1_260' title='bbox 861 4056 928 4121; x_wconf 93' lang='lat' dir='ltr'>in</span> <span class='ocrx_word' id='word_1_261' title='bbox 972 4055 1230 4141; x_wconf 84' lang='lat' dir='ltr'>Illyrico</span> <span class='ocrx_word' id='word_1_262' title='bbox 1274 4076 1399 4122; x_wconf 92' lang='lat' dir='ltr'>non</span> <span class='ocrx_word' id='word_1_263' title='bbox 1446 4055 1685 4141; x_wconf 90' lang='lat' dir='ltr'>optime</span> <span class='ocrx_word' id='word_1_264' title='bbox 1731 4055 1945 4122; x_wconf 90' lang='lat' dir='ltr'>vivere</span> <span class='ocrx_word' id='word_1_265' title='bbox 1987 4055 2434 4139; x_wconf 87' lang='lat' dir='ltr'>intellexisset,</span> <span class='ocrx_word' id='word_1_266' title='bbox 2487 4055 2554 4122; x_wconf 95' lang='lat' dir='ltr'>in</span> <span class='ocrx_word' id='word_1_267' title='bbox 2597 4055 2855 4122; x_wconf 87' lang='lat' dir='ltr'>Italiam</span> <span class='ocrx_word' id='word_1_268' title='bbox 2900 4075 3117 4123; x_wconf 90' lang='lat' dir='ltr'>secum</span> <span class='ocrx_word' id='word_1_269' title='bbox 3147 4055 3431 4140; x_wconf 83' lang='lat' dir='ltr'>duxisse,</span> <span class='ocrx_word' id='word_1_270' title='bbox 3482 4055 3721 4121; x_wconf 89' lang='lat' dir='ltr'>Paulus</span> 
     </span>
     <span class='ocr_line' id='line_1_30' title="bbox 488 4160 3817 4262; baseline 0.001 -23"><span class='ocrx_word' id='word_1_271' title='bbox 488 4179 611 4259; x_wconf 88' lang='lat'>(15,</span> <span class='ocrx_word' id='word_1_272' title='bbox 656 4178 753 4259; x_wconf 81' lang='lat'>14)</span> <span class='ocrx_word' id='word_1_273' title='bbox 792 4174 945 4241; x_wconf 91' lang='lat' dir='ltr'>inde</span> <span class='ocrx_word' id='word_1_274' title='bbox 991 4176 1204 4242; x_wconf 88' lang='lat' dir='ltr'>effecit</span> <span class='ocrx_word' id='word_1_275' title='bbox 1244 4177 1672 4243; x_wconf 89' lang='lat' dir='ltr'>narrationem</span> <span class='ocrx_word' id='word_1_276' title='bbox 1705 4177 1899 4262; x_wconf 90' lang='lat' dir='ltr'>plane</span> <span class='ocrx_word' id='word_1_277' title='bbox 1930 4182 2255 4261; x_wconf 89' lang='lat' dir='ltr'>argutam:</span> <span class='ocrx_word' id='word_1_278' title='bbox 2322 4176 2507 4243; x_wconf 89' lang='lat' dir='ltr'>‘dum</span> <span class='ocrx_word' id='word_1_279' title='bbox 2537 4175 2978 4243; x_wconf 90' lang='lat' dir='ltr'>huiuscemodi</span> <span class='ocrx_word' id='word_1_280' title='bbox 3008 4175 3443 4243; x_wconf 87' lang='lat' dir='ltr'>Theodoricus</span> <span class='ocrx_word' id='word_1_281' title='bbox 3473 4175 3722 4242; x_wconf 91' lang='lat' dir='ltr'>deliciis</span> <span class='ocrx_word' id='word_1_282' title='bbox 3808 4160 3817 4173; x_wconf 73' lang='grc'><strong>’</strong></span> 
     </span>
     <span class='ocr_line' id='line_1_31' title="bbox 488 4295 3725 4383; baseline 0 -21"><span class='ocrx_word' id='word_1_283' title='bbox 488 4296 695 4382; x_wconf 88' lang='lat' dir='ltr'>‘apud</span> <span class='ocrx_word' id='word_1_284' title='bbox 725 4295 1343 4382; x_wconf 86' lang='lat' dir='ltr'>Constantinopolim</span> <span class='ocrx_word' id='word_1_285' title='bbox 1388 4296 1701 4379; x_wconf 86' lang='lat' dir='ltr'>afflueret,</span> <span class='ocrx_word' id='word_1_286' title='bbox 1755 4317 1917 4381; x_wconf 87' lang='lat' dir='ltr'>gens</span> <span class='ocrx_word' id='word_1_287' title='bbox 1959 4297 2160 4379; x_wconf 92' lang='lat' dir='ltr'>illius,</span> <span class='ocrx_word' id='word_1_288' title='bbox 2211 4296 2280 4363; x_wconf 93' lang='lat' dir='ltr'>id</span> <span class='ocrx_word' id='word_1_289' title='bbox 2324 4303 2423 4363; x_wconf 91' lang='lat' dir='ltr'>est</span> <span class='ocrx_word' id='word_1_290' title='bbox 2453 4297 2900 4383; x_wconf 79' lang='lat' dir='ltr'>ostrogothae,</span> <span class='ocrx_word' id='word_1_291' title='bbox 2952 4296 3103 4362; x_wconf 91' lang='lat' dir='ltr'>dum</span> <span class='ocrx_word' id='word_1_292' title='bbox 3147 4296 3243 4362; x_wconf 92' lang='lat' dir='ltr'>eis</span> <span class='ocrx_word' id='word_1_293' title='bbox 3285 4303 3547 4382; x_wconf 91' lang='lat' dir='ltr'>propter</span> <span class='ocrx_word' id='word_1_294' title='bbox 3574 4295 3725 4363; x_wconf 89' lang='lat' dir='ltr'>fidei</span> 
     </span>
     <span class='ocr_line' id='line_1_32' title="bbox 487 4416 3725 4503; baseline -0 -20"><span class='ocrx_word' id='word_1_295' title='bbox 487 4417 915 4483; x_wconf 88' lang='lat' dir='ltr'>‘sanctionem</span> <span class='ocrx_word' id='word_1_296' title='bbox 962 4417 1238 4502; x_wconf 87' lang='lat' dir='ltr'>praedas</span> <span class='ocrx_word' id='word_1_297' title='bbox 1283 4438 1477 4503; x_wconf 91' lang='lat' dir='ltr'>agere</span> <span class='ocrx_word' id='word_1_298' title='bbox 1522 4439 1695 4485; x_wconf 91' lang='lat' dir='ltr'>more</span> <span class='ocrx_word' id='word_1_299' title='bbox 1726 4418 1911 4485; x_wconf 86' lang='lat' dir='ltr'>solito</span> <span class='ocrx_word' id='word_1_300' title='bbox 1956 4438 2082 4484; x_wconf 94' lang='lat' dir='ltr'>non</span> <span class='ocrx_word' id='word_1_301' title='bbox 2127 4417 2347 4485; x_wconf 90' lang='lat' dir='ltr'>liceret</span> <span class='ocrx_word' id='word_1_302' title='bbox 2389 4439 2510 4485; x_wconf 90' lang='lat' dir='ltr'>nec</span> <span class='ocrx_word' id='word_1_303' title='bbox 2554 4425 2770 4485; x_wconf 91' lang='lat' dir='ltr'>tamen</span> <span class='ocrx_word' id='word_1_304' title='bbox 2813 4419 2896 4485; x_wconf 89' lang='lat' dir='ltr'>ab</span> <span class='ocrx_word' id='word_1_305' title='bbox 2939 4417 3322 4503; x_wconf 90' lang='lat' dir='ltr'>imperatore</span> <span class='ocrx_word' id='word_1_306' title='bbox 3352 4416 3570 4483; x_wconf 91' lang='lat' dir='ltr'>oblata</span> <span class='ocrx_word' id='word_1_307' title='bbox 3608 4417 3725 4483; x_wconf 90' lang='lat' dir='ltr'>sti-</span> 
     </span>
     <span class='ocr_line' id='line_1_33' title="bbox 487 4537 3727 4625; baseline 0 -23"><span class='ocrx_word' id='word_1_308' title='bbox 487 4541 501 4569; x_wconf 84' lang='lat'>‘</span> <span class='ocrx_word' id='word_1_309' title='bbox 525 4537 767 4622; x_wconf 88' lang='lat' dir='ltr'>pendia</span> <span class='ocrx_word' id='word_1_310' title='bbox 817 4537 1112 4603; x_wconf 87' lang='lat' dir='ltr'>sufficere</span> <span class='ocrx_word' id='word_1_311' title='bbox 1155 4545 1451 4623; x_wconf 91' lang='lat' dir='ltr'>possent,</span> <span class='ocrx_word' id='word_1_312' title='bbox 1519 4558 1787 4624; x_wconf 91' lang='lat' dir='ltr'>coepere</span> <span class='ocrx_word' id='word_1_313' title='bbox 1831 4559 1958 4605; x_wconf 93' lang='lat' dir='ltr'>non</span> <span class='ocrx_word' id='word_1_314' title='bbox 2001 4538 2327 4605; x_wconf 90' lang='lat' dir='ltr'>minimam</span> <span class='ocrx_word' id='word_1_315' title='bbox 2374 4539 2685 4625; x_wconf 91' lang='lat' dir='ltr'>egestatis</span> <span class='ocrx_word' id='word_1_316' title='bbox 2728 4539 3057 4624; x_wconf 90' lang='lat' dir='ltr'>penuriam</span> <span class='ocrx_word' id='word_1_317' title='bbox 3110 4537 3282 4623; x_wconf 88' lang='lat' dir='ltr'>pati:</span> <span class='ocrx_word' id='word_1_318' title='bbox 3347 4544 3727 4604; x_wconf 83' lang='lat' dir='ltr'>execrantur</span> 
     </span>
     <span class='ocr_line' id='line_1_34' title="bbox 486 4656 3727 4744; baseline 0 -22"><span class='ocrx_word' id='word_1_319' title='bbox 486 4656 747 4723; x_wconf 88' lang='lat' dir='ltr'>‘foedus</span> <span class='ocrx_word' id='word_1_320' title='bbox 792 4659 1239 4744; x_wconf 88' lang='lat' dir='ltr'>compositum,</span> <span class='ocrx_word' id='word_1_321' title='bbox 1291 4658 1660 4743; x_wconf 89' lang='lat' dir='ltr'>vituperant</span> <span class='ocrx_word' id='word_1_322' title='bbox 1701 4659 1993 4725; x_wconf 89' lang='lat' dir='ltr'>inutilem</span> <span class='ocrx_word' id='word_1_323' title='bbox 2037 4659 2418 4744; x_wconf 89' lang='lat' dir='ltr'>pactionem,</span> <span class='ocrx_word' id='word_1_324' title='bbox 2474 4659 2854 4744; x_wconf 83' lang='lat' dir='ltr'>mittuntque</span> <span class='ocrx_word' id='word_1_325' title='bbox 2900 4659 3192 4725; x_wconf 91' lang='lat' dir='ltr'>continuo</span> <span class='ocrx_word' id='word_1_326' title='bbox 3238 4657 3324 4724; x_wconf 87' lang='lat' dir='ltr'>ad</span> <span class='ocrx_word' id='word_1_327' title='bbox 3368 4657 3727 4725; x_wconf 89' lang='lat' dir='ltr'>Theodori-</span> 
     </span>
     <span class='ocr_line' id='line_1_35' title="bbox 486 4777 3725 4865; baseline 0 -23"><span class='ocrx_word' id='word_1_328' title='bbox 486 4781 668 4843; x_wconf 86' lang='lat' dir='ltr'>‘cum</span> <span class='ocrx_word' id='word_1_329' title='bbox 713 4778 823 4860; x_wconf 91' lang='lat' dir='ltr'>qui</span> <span class='ocrx_word' id='word_1_330' title='bbox 867 4778 1183 4860; x_wconf 90' lang='lat' dir='ltr'>dicerent,</span> <span class='ocrx_word' id='word_1_331' title='bbox 1247 4798 1443 4863; x_wconf 90' lang='lat' dir='ltr'>quas,</span> <span class='ocrx_word' id='word_1_332' title='bbox 1512 4777 1663 4844; x_wconf 90' lang='lat' dir='ltr'>dum</span> <span class='ocrx_word' id='word_1_333' title='bbox 1714 4779 1855 4864; x_wconf 91' lang='lat' dir='ltr'>ipse</span> <span class='ocrx_word' id='word_1_334' title='bbox 1901 4779 2292 4846; x_wconf 83' lang='lat' dir='ltr'>Graecorum</span> <span class='ocrx_word' id='word_1_335' title='bbox 2350 4780 2560 4865; x_wconf 89' lang='lat' dir='ltr'>epulis</span> <span class='ocrx_word' id='word_1_336' title='bbox 2617 4779 3069 4865; x_wconf 89' lang='lat' dir='ltr'>superflueret,</span> <span class='ocrx_word' id='word_1_337' title='bbox 3120 4777 3376 4864; x_wconf 92' lang='lat' dir='ltr'>inopiae</span> <span class='ocrx_word' id='word_1_338' title='bbox 3434 4777 3725 4844; x_wconf 87' lang='lat' dir='ltr'>miserias</span> 
     </span>
     <span class='ocr_line' id='line_1_36' title="bbox 490 4897 3724 4986; baseline 0.001 -24"><span class='ocrx_word' id='word_1_339' title='bbox 490 4897 940 4964; x_wconf 89' lang='lat' dir='ltr'>‘sustinerent’</span> <span class='ocrx_word' id='word_1_340' title='bbox 990 4906 1054 4965; x_wconf 91' lang='lat' dir='ltr'>et</span> <span class='ocrx_word' id='word_1_341' title='bbox 1097 4919 1264 4982; x_wconf 91' lang='lat' dir='ltr'>quae</span> <span class='ocrx_word' id='word_1_342' title='bbox 1309 4905 1683 4982; x_wconf 85' lang='lat' dir='ltr'>sequuntur.</span> <span class='ocrx_word' id='word_1_343' title='bbox 1764 4899 2057 4967; x_wconf 90' lang='lat' dir='ltr'>similiter</span> <span class='ocrx_word' id='word_1_344' title='bbox 2100 4901 2319 4986; x_wconf 91' lang='lat' dir='ltr'>paullo</span> <span class='ocrx_word' id='word_1_345' title='bbox 2364 4908 2514 4985; x_wconf 89' lang='lat' dir='ltr'>post</span> <span class='ocrx_word' id='word_1_346' title='bbox 2554 4901 2663 4966; x_wconf 93' lang='lat' dir='ltr'>ubi</span> <span class='ocrx_word' id='word_1_347' title='bbox 2709 4900 2928 4967; x_wconf 90' lang='lat' dir='ltr'>scribit</span> <span class='ocrx_word' id='word_1_348' title='bbox 2972 4900 3295 4966; x_wconf 91' lang='lat' dir='ltr'>Zenonem</span> <span class='ocrx_word' id='word_1_349' title='bbox 3329 4899 3724 4965; x_wconf 88' lang='lat' dir='ltr'>Theoderico</span> 
     </span>
     <span class='ocr_line' id='line_1_37' title="bbox 480 5017 3729 5106; baseline 0.001 -23"><span class='ocrx_word' id='word_1_350' title='bbox 480 5018 739 5084; x_wconf 90' lang='lat' dir='ltr'>Italiam</span> <span class='ocrx_word' id='word_1_351' title='bbox 771 5017 1032 5085; x_wconf 89' lang='lat' dir='ltr'>dedisse</span> <span class='ocrx_word' id='word_1_352' title='bbox 1072 5023 1219 5103; x_wconf 91' lang='lat' dir='ltr'>‘per</span> <span class='ocrx_word' id='word_1_353' title='bbox 1261 5020 1753 5105; x_wconf 88' lang='lat' dir='ltr'>pragmaticum&#39;</span> <span class='ocrx_word' id='word_1_354' title='bbox 1810 5020 2023 5104; x_wconf 91' lang='lat' dir='ltr'>(plane</span> <span class='ocrx_word' id='word_1_355' title='bbox 2067 5027 2140 5086; x_wconf 93' lang='lat' dir='ltr'>ut</span> <span class='ocrx_word' id='word_1_356' title='bbox 2182 5021 2248 5087; x_wconf 93' lang='lat' dir='ltr'>in</span> <span class='ocrx_word' id='word_1_357' title='bbox 2292 5021 2446 5088; x_wconf 91' lang='lat' dir='ltr'>hist.</span> <span class='ocrx_word' id='word_1_358' title='bbox 2480 5022 2688 5106; x_wconf 89' lang='lat' dir='ltr'>Lang.</span> <span class='ocrx_word' id='word_1_359' title='bbox 2734 5024 2792 5103; x_wconf 86' lang='lat'>2,</span> <span class='ocrx_word' id='word_1_360' title='bbox 2839 5024 2917 5084; x_wconf 81' lang='lat'>12</span> <span class='ocrx_word' id='word_1_361' title='bbox 2956 5019 3187 5086; x_wconf 91' lang='lat' dir='ltr'>Alboin</span> <span class='ocrx_word' id='word_1_362' title='bbox 3233 5021 3533 5106; x_wconf 92' lang='lat' dir='ltr'>episcopo</span> <span class='ocrx_word' id='word_1_363' title='bbox 3565 5022 3729 5086; x_wconf 89' lang='lat' dir='ltr'>Tar-</span> 
     </span>
     <span class='ocr_line' id='line_1_38' title="bbox 480 5131 3721 5227; baseline 0.001 -24"><span class='ocrx_word' id='word_1_364' title='bbox 480 5138 688 5204; x_wconf 90' lang='lat' dir='ltr'>visino</span> <span class='ocrx_word' id='word_1_365' title='bbox 726 5139 895 5205; x_wconf 90' lang='lat' dir='ltr'>bona</span> <span class='ocrx_word' id='word_1_366' title='bbox 926 5131 1252 5206; x_wconf 53' lang='lat' dir='ltr'>&#39;ecclesiae</span> <span class='ocrx_word' id='word_1_367' title='bbox 1297 5139 1628 5206; x_wconf 88' lang='lat' dir='ltr'>confirmat</span> <span class='ocrx_word' id='word_1_368' title='bbox 1678 5141 1826 5225; x_wconf 88' lang='lat' dir='ltr'>‘per</span> <span class='ocrx_word' id='word_1_369' title='bbox 1869 5161 2053 5206; x_wconf 89' lang='lat' dir='ltr'>suum</span> <span class='ocrx_word' id='word_1_370' title='bbox 2098 5141 2611 5227; x_wconf 90' lang='lat' dir='ltr'>pragmaticum&#39;)</span> <span class='ocrx_word' id='word_1_371' title='bbox 2660 5140 2859 5207; x_wconf 90' lang='lat' dir='ltr'>‘sacri</span> <span class='ocrx_word' id='word_1_372' title='bbox 2892 5140 3086 5207; x_wconf 89' lang='lat' dir='ltr'>etiam</span> <span class='ocrx_word' id='word_1_373' title='bbox 3123 5141 3465 5207; x_wconf 90' lang='lat' dir='ltr'>velaminis</span> <span class='ocrx_word' id='word_1_374' title='bbox 3502 5140 3721 5223; x_wconf 82' lang='lat' dir='ltr'>dono’,</span> 
     </span>
     <span class='ocr_line' id='line_1_39' title="bbox 483 5259 3731 5346; baseline 0.001 -22"><span class='ocrx_word' id='word_1_375' title='bbox 483 5267 702 5344; x_wconf 90' lang='lat' dir='ltr'>aperte</span> <span class='ocrx_word' id='word_1_376' title='bbox 769 5279 926 5325; x_wconf 91' lang='lat' dir='ltr'>suae</span> <span class='ocrx_word' id='word_1_377' title='bbox 983 5259 1216 5325; x_wconf 89' lang='lat' dir='ltr'>aetatis</span> <span class='ocrx_word' id='word_1_378' title='bbox 1277 5259 1593 5326; x_wconf 88' lang='lat' dir='ltr'>coloribus</span> <span class='ocrx_word' id='word_1_379' title='bbox 1650 5261 1952 5327; x_wconf 87' lang='lat' dir='ltr'>traditam</span> <span class='ocrx_word' id='word_1_380' title='bbox 2011 5262 2437 5328; x_wconf 90' lang='lat' dir='ltr'>narrationem</span> <span class='ocrx_word' id='word_1_381' title='bbox 2495 5261 2759 5330; x_wconf 90' lang='lat' dir='ltr'>adiuvit.</span> <span class='ocrx_word' id='word_1_382' title='bbox 2854 5262 2957 5328; x_wconf 86' lang='lat' dir='ltr'>his</span> <span class='ocrx_word' id='word_1_383' title='bbox 3009 5261 3451 5346; x_wconf 86' lang='lat' dir='ltr'>similibusque</span> <span class='ocrx_word' id='word_1_384' title='bbox 3495 5267 3569 5327; x_wconf 93' lang='lat' dir='ltr'>ut</span> <span class='ocrx_word' id='word_1_385' title='bbox 3610 5260 3731 5326; x_wconf 93' lang='lat' dir='ltr'>ab-</span> 
     </span>
     <span class='ocr_line' id='line_1_40' title="bbox 483 5378 3720 5469; baseline 0 -24"><span class='ocrx_word' id='word_1_386' title='bbox 483 5385 782 5462; x_wconf 90' lang='lat' dir='ltr'>uteretur,</span> <span class='ocrx_word' id='word_1_387' title='bbox 836 5378 947 5461; x_wconf 91' lang='lat' dir='ltr'>qui</span> <span class='ocrx_word' id='word_1_388' title='bbox 984 5380 1252 5446; x_wconf 89' lang='lat' dir='ltr'>Paulum</span> <span class='ocrx_word' id='word_1_389' title='bbox 1290 5381 1421 5447; x_wconf 89' lang='lat' dir='ltr'>alia</span> <span class='ocrx_word' id='word_1_390' title='bbox 1452 5387 1738 5447; x_wconf 90' lang='lat' dir='ltr'>secutum</span> <span class='ocrx_word' id='word_1_391' title='bbox 1784 5401 1927 5449; x_wconf 86' lang='lat' dir='ltr'>esse</span> <span class='ocrx_word' id='word_1_392' title='bbox 1974 5388 2281 5449; x_wconf 88' lang='lat' dir='ltr'>statueret</span> <span class='ocrx_word' id='word_1_393' title='bbox 2308 5403 2501 5466; x_wconf 91' lang='lat' dir='ltr'>quam</span> <span class='ocrx_word' id='word_1_394' title='bbox 2544 5382 2691 5469; x_wconf 91' lang='lat' dir='ltr'>ipsa</span> <span class='ocrx_word' id='word_1_395' title='bbox 2734 5403 2900 5466; x_wconf 93' lang='lat' dir='ltr'>quae</span> <span class='ocrx_word' id='word_1_396' title='bbox 2958 5382 3270 5448; x_wconf 89' lang='lat' dir='ltr'>habemus</span> <span class='ocrx_word' id='word_1_397' title='bbox 3316 5380 3720 5463; x_wconf 89' lang='lat' dir='ltr'>Iordaniana,</span> 
     </span>
     <span class='ocr_line' id='line_1_41' title="bbox 483 5499 3729 5588; baseline 0.001 -25"><span class='ocrx_word' id='word_1_398' title='bbox 483 5500 576 5567; x_wconf 90' lang='lat' dir='ltr'>ita</span> <span class='ocrx_word' id='word_1_399' title='bbox 618 5499 768 5566; x_wconf 89' lang='lat' dir='ltr'>aliis</span> <span class='ocrx_word' id='word_1_400' title='bbox 814 5499 993 5580; x_wconf 75' lang='lat' dir='ltr'>lociS,</span> <span class='ocrx_word' id='word_1_401' title='bbox 1049 5507 1117 5566; x_wconf 92' lang='lat' dir='ltr'>ut</span> <span class='ocrx_word' id='word_1_402' title='bbox 1160 5499 1228 5565; x_wconf 92' lang='lat' dir='ltr'>in</span> <span class='ocrx_word' id='word_1_403' title='bbox 1272 5503 1634 5567; x_wconf 88' lang='lat' dir='ltr'>narratione</span> <span class='ocrx_word' id='word_1_404' title='bbox 1680 5501 1761 5568; x_wconf 92' lang='lat' dir='ltr'>de</span> <span class='ocrx_word' id='word_1_405' title='bbox 1806 5503 2106 5587; x_wconf 88' lang='lat' dir='ltr'>Aquileia</span> <span class='ocrx_word' id='word_1_406' title='bbox 2151 5502 2232 5569; x_wconf 95' lang='lat' dir='ltr'>ab</span> <span class='ocrx_word' id='word_1_407' title='bbox 2277 5503 2480 5569; x_wconf 90' lang='lat' dir='ltr'>Attila</span> <span class='ocrx_word' id='word_1_408' title='bbox 2524 5504 2790 5570; x_wconf 88' lang='lat' dir='ltr'>obsessa</span> <span class='ocrx_word' id='word_1_409' title='bbox 2839 5508 2939 5587; x_wconf 91' lang='grc'>14,</span> <span class='ocrx_word' id='word_1_410' title='bbox 2986 5506 3047 5585; x_wconf 88' lang='grc'>9,</span> <span class='ocrx_word' id='word_1_411' title='bbox 3099 5511 3356 5588; x_wconf 90' lang='lat' dir='ltr'>praeter</span> <span class='ocrx_word' id='word_1_412' title='bbox 3391 5501 3729 5568; x_wconf 91' lang='lat' dir='ltr'>Iordanem</span> 
     </span>
     <span class='ocr_line' id='line_1_42' title="bbox 485 5620 3730 5708; baseline 0.001 -22"><span class='ocrx_word' id='word_1_413' title='bbox 485 5620 806 5686; x_wconf 88' lang='lat' dir='ltr'>diversum</span> <span class='ocrx_word' id='word_1_414' title='bbox 838 5640 1109 5705; x_wconf 91' lang='lat' dir='ltr'>eumque</span> <span class='ocrx_word' id='word_1_415' title='bbox 1141 5620 1541 5705; x_wconf 89' lang='lat' dir='ltr'>deperditum</span> <span class='ocrx_word' id='word_1_416' title='bbox 1587 5629 1909 5688; x_wconf 89' lang='lat' dir='ltr'>auctorem</span> <span class='ocrx_word' id='word_1_417' title='bbox 1954 5622 2269 5688; x_wconf 90' lang='lat' dir='ltr'>adhibuit.</span> <span class='ocrx_word' id='word_1_418' title='bbox 2331 5644 2500 5706; x_wconf 88' lang='lat' dir='ltr'>quae</span> <span class='ocrx_word' id='word_1_419' title='bbox 2543 5624 2954 5707; x_wconf 87' lang='lat' dir='ltr'>investigatio</span> <span class='ocrx_word' id='word_1_420' title='bbox 3000 5643 3142 5689; x_wconf 90' lang='lat' dir='ltr'>cum</span> <span class='ocrx_word' id='word_1_421' title='bbox 3186 5623 3332 5708; x_wconf 89' lang='lat' dir='ltr'>ipsa</span> <span class='ocrx_word' id='word_1_422' title='bbox 3374 5643 3503 5688; x_wconf 93' lang='lat' dir='ltr'>non</span> <span class='ocrx_word' id='word_1_423' title='bbox 3539 5622 3730 5688; x_wconf 90' lang='lat' dir='ltr'>huius</span> 
     </span>
    </p>
   </div>
   <div class='ocr_carea' id='block_1_13' title="bbox 484 5739 3733 5918">
    <p class='ocr_par' dir='ltr' id='par_1_13' title="bbox 484 5739 3733 5918">
     <span class='ocr_line' id='line_1_43' title="bbox 484 5739 3733 5826; baseline 0.002 -22"><span class='ocrx_word' id='word_1_424' title='bbox 484 5741 604 5807; x_wconf 92' lang='lat' dir='ltr'>loci</span> <span class='ocrx_word' id='word_1_425' title='bbox 651 5741 755 5825; x_wconf 91' lang='lat' dir='ltr'>sit,</span> <span class='ocrx_word' id='word_1_426' title='bbox 805 5740 956 5808; x_wconf 91' lang='lat' dir='ltr'>inde</span> <span class='ocrx_word' id='word_1_427' title='bbox 1004 5739 1359 5826; x_wconf 84' lang='lat' dir='ltr'>explicatur</span> <span class='ocrx_word' id='word_1_428' title='bbox 1402 5749 1839 5826; x_wconf 84' lang='lat' dir='ltr'>excerptorum</span> <span class='ocrx_word' id='word_1_429' title='bbox 1887 5743 2294 5809; x_wconf 89' lang='lat' dir='ltr'>Paulinorum</span> <span class='ocrx_word' id='word_1_430' title='bbox 2340 5743 2424 5809; x_wconf 88' lang='lat' dir='ltr'>ad</span> <span class='ocrx_word' id='word_1_431' title='bbox 2469 5744 2666 5810; x_wconf 90' lang='lat' dir='ltr'>verba</span> <span class='ocrx_word' id='word_1_432' title='bbox 2709 5742 3004 5809; x_wconf 91' lang='lat' dir='ltr'>Iordanis</span> <span class='ocrx_word' id='word_1_433' title='bbox 3049 5743 3453 5810; x_wconf 88' lang='lat' dir='ltr'>emendanda</span> <span class='ocrx_word' id='word_1_434' title='bbox 3496 5744 3733 5826; x_wconf 82' lang='lat' dir='ltr'>exigua</span> 
     </span>
     <span class='ocr_line' id='line_1_44' title="bbox 640 5861 3310 5918; baseline 0 -18"><span class='ocrx_word' id='word_1_435' title='bbox 640 5861 882 5903; x_wconf 65' lang='lat' dir='ltr'>loannes.</span> <span class='ocrx_word' id='word_1_436' title='bbox 3274 5863 3310 5918; x_wconf 79' lang='lat' dir='ltr'><strong>h</strong></span> 
     </span>
    </p>
   </div>
  </div>
 </body>
</html>
