4882 6775
1998 497 2334 555 ROMANA.
2806 534 2809 539 -
3706 503 3790 563 29

117 701 333 749 ”muz
353 702 415 753 ¹¹·
435 701 516 744 ¹·²
715 691 1189 776 Gallogreciam
1234 700 1450 760 autem
1473 746 1487 773 ,
1537 693 1610 759 id
1654 700 1755 759 est
1799 693 2157 775 Galatiam,
2211 692 2237 778 ΙΙ
2280 691 2529 778 Syriaci
2572 690 2730 757 belli
2776 690 2963 755 ruina
3006 688 3350 755 convolvit.
3443 689 3569 756 fuit
3610 709 3796 754 nam-
3831 687 3956 747 224

537 814 661 876 que
718 794 885 861 inter
939 796 1186 861 auxilia
1244 796 1419 880 regis
1463 795 1836 863 Anthiochi:
1907 818 1990 862 an
2051 796 2253 861 fuisse
2301 795 2573 880 cupidus
2614 794 2920 879 triumphi
2966 793 3243 859 Manlius
3287 793 3480 859 Visus
3526 793 3795 858 simula-

415 918 456 947 0·
485 911 511 949 ⁶
537 897 734 979 verit,
788 897 1052 963 dubium
1098 906 1220 964 est.
1273 899 1299 983 ΙΙ
1345 898 1594 964 duobus
1638 900 1857 983 itaque
1904 898 2163 983 proeliis
2215 898 2345 964 fusi
2390 897 2723 981 fugatique
2769 902 2953 978 sunt,
3005 895 3301 979 quamvis
3346 895 3465 961 sub
3510 895 3793 961 adventu

536 1000 694 1066 ostis
759 1000 1002 1066 relictis
1070 1001 1335 1067 sedibus
1400 1001 1469 1066 in
1534 1002 1887 1067 altissimos
1953 1022 2024 1068 se
2089 1009 2339 1068 montes
2405 1000 2821 1085 recepissent.
2928 999 3349 1083 Coloscobegi
3418 999 3787 1083 Olympum,

534 1103 878 1186 Tectosagi
922 1104 1204 1186 Magaba
1261 1104 1654 1170 insederant.
1749 1105 2067 1189 utrimque
2127 1104 2344 1171 fundis
2403 1104 2787 1187 sagittisque
2849 1102 3119 1168 detracti
3177 1102 3244 1167 in
3300 1108 3675 1187 perpetuam
3722 1120 3793 1167 66
3835 1117 3861 1157 ⁵

415 1228 455 1258 e·
484 1219 509 1258 ⁶
536 1226 760 1290 pacem
805 1206 1221 1273 dediderunt:
1289 1207 1406 1273 sed
1450 1184 1706 1291 alligati
1751 1208 2057 1273 miraculo
2102 1207 2379 1291 quodam
2424 1207 2644 1289 fuere,
2716 1226 2862 1271 cum
2909 1213 3171 1271 catenas
3216 1204 3533 1270 morsibus
3578 1211 3644 1271 et
3686 1224 3794 1270 ore

533 1315 991 1394 temptassent,
1057 1330 1200 1375 cum
1258 1310 1633 1375 offucandas
1691 1309 1759 1375 in
1819 1309 2025 1376 vicem
2082 1310 2305 1376 fauces
2359 1310 2791 1394 prebuissent.
2883 1328 3033 1373 nam
3078 1307 3485 1390 Orgiacontis
3543 1326 3706 1371 uxor
3755 1327 3796 1371 a

537 1412 904 1477 centurione
964 1418 1256 1495 stuprum
1315 1431 1512 1496 passa
1567 1413 1968 1478 memorabili
2022 1413 2318 1498 exemplo
2365 1412 2721 1477 custodiam
2769 1410 2979 1476 evasit
3020 1411 3473 1495 revulsumque
3517 1409 3797 1475 adulteri

321 1524 433 1566 Buf-
467 1523 512 1565 ¹¹
540 1514 742 1580 hostis
800 1521 996 1598 caput
1050 1514 1139 1579 ad
1181 1514 1478 1580 maritum
1524 1515 1891 1599 reportavit.
1950 1514 1976 1598 ΙΙ
2029 1514 2400 1581 Deiotarum
2448 1515 2502 1579 si
2547 1514 2810 1597 quidem
2855 1513 3130 1578 amicum
3177 1520 3441 1578 senatus
3485 1512 3797 1597 praefecit
3832 1511 3957 1571 225

538 1615 856 1682 Galatiae.
953 1616 1071 1682 sed
1113 1623 1260 1702 post
1302 1617 1464 1683 haec
1508 1618 1752 1684 Caesar
1795 1638 1906 1684 666
1951 1618 2205 1701 redegit
2256 1617 2536 1700 fecitque
2579 1617 2648 1682 in
2693 1616 3076 1701 provincias.
3173 1616 3592 1700 Cappadoces
3637 1635 3796 1697 quo-
3837 1631 3896 1671 ιο

536 1739 661 1802 que
721 1719 840 1784 sub
884 1720 1128 1804 Epafra
1185 1739 1339 1802 rege
1399 1721 1723 1786 constituti
1780 1721 2055 1805 primum
2100 1741 2216 1806 per
2260 1722 2514 1803 legatos
2561 1739 2711 1785 suos
2756 1721 3182 1785 Romanorum
3228 1718 3545 1783 amicitias
3591 1718 3798 1801 petie-

536 1829 716 1903 runt,
782 1823 1015 1887 dehinc
1057 1822 1571 1888 Acuriobarzane
1630 1842 1784 1907 rege
1843 1823 2229 1891 succedente
2290 1830 2356 1889 et
2404 1844 2447 1888 a
2492 1822 2817 1888 Mitridate
2867 1823 3135 1907 expulso
3180 1822 3345 1886 ultro
3392 1841 3463 1887 66
3508 1824 3797 1887 Romano

538 1925 797 1991 servitio
855 1924 1241 1991 dediderunt
1296 1946 1724 2010 magnamque
1783 1926 2111 1992 civitatem
2170 1946 2355 1992 suam
2402 1927 2733 1991 Mazacam
2792 1926 2862 1990 in
2924 1926 3163 1991 honore
3208 1923 3510 1991 Caesaris
3556 1924 3800 1990 Caesa-

537 2047 713 2093 ream
772 2027 1280 2112 appellaverunt.
1376 2036 1523 2111 post
1579 2029 1742 2095 haec
1798 2028 2030 2094 iterum
2089 2029 2208 2094 sub
2255 2028 2535 2095 Claudio
2588 2028 2975 2113 imperatore
3021 2049 3134 2094 rex
3180 2047 3395 2093 eorum
3440 2027 3799 2092 Archelaus

538 2131 779 2196 Romae
844 2130 1197 2196 adveniens
1262 2131 1451 2213 quasi
1517 2132 1762 2197 amicus
1826 2132 2047 2217 populi
2108 2132 2377 2197 Romani
2445 2131 2662 2215 ibique
2730 2132 3071 2196 defunctus
3137 2128 3574 2197 testamentali
3640 2147 3796 2193 voce
3842 2143 3899 2182 ιδ

539 2232 1018 2318 Cappadociam
1065 2234 1369 2299 Romanis
1413 2234 1694 2318 reliquid
1737 2241 1804 2300 et
1847 2236 1941 2300 sic
1981 2235 2112 2300 iam
2160 2256 2241 2300 ex
2284 2235 2536 2318 integro
2581 2234 2650 2299 in
2694 2235 3088 2319 provinciam
3132 2233 3307 2299 facta
3352 2240 3451 2299 est
3470 2237 3542 2315 ¹).
3631 2233 3801 2296 Pon-
3836 2229 3962 2290 226

538 2342 642 2401 tus
699 2356 741 2400 a
797 2335 1102 2419 Pompeio
1159 2336 1415 2402 devicta
1470 2357 1617 2402 cum
1678 2357 1795 2402 suo
1848 2357 2002 2420 rege
2061 2334 2386 2402 Mitridate
2437 2344 2503 2402 et
2561 2336 2733 2402 facta
2790 2336 3120 2421 provincia
3176 2342 3296 2401 est.
3391 2334 3801 2418 Paflagoniae

538 2438 906 2522 Pylemenis
950 2458 1063 2505 rex
1109 2439 1355 2505 amicus
1399 2439 1621 2523 populi
1655 2440 1968 2519 Romani,
2037 2460 2078 2504 a
2120 2439 2339 2505 multis
2383 2439 2537 2504 dum
2580 2439 3078 2521 inquietaretur,
3146 2440 3573 2503 Romanorum
3620 2436 3805 2521 petiit

541 2541 873 2606 auxilium.
970 2561 1041 2606 se
1086 2562 1341 2625 quoque
1387 2541 1542 2607 dum
1588 2541 1669 2607 de
1713 2542 1998 2608 inimicis
2045 2542 2481 2623 ulcisceretur,
2543 2542 2886 2608 defunctus
2929 2542 3251 2607 Romanos
3296 2560 3411 2625 per
3453 2546 3803 2606 testamen-

545 2649 680 2708 tum
725 2642 1000 2709 heredes
1043 2644 1342 2728 reliquid.
3298 2732 3303 2735 -
3841 2658 3902 2700 20

327 2758 438 2799 Bur·
474 2757 523 2798 ¹2
717 2746 1046 2812 Hactenus
1090 2747 1260 2813 intra
1303 2749 1618 2813 Taurum:
1680 2768 1852 2813 nunc
1894 2748 2164 2815 ulterius
2207 2747 2761 2831 transgrediamur
2802 2752 2869 2812 et
2909 2767 3079 2830 quae
3123 2747 3374 2832 patriae
3418 2751 3532 2812 aut
3573 2744 3805 2827 quibus
3842 2745 3962 2806 227

544 2848 1034 2932 subiuganfibus
1092 2851 1330 2934 populo
1376 2852 1661 2916 Romano
1721 2851 2104 2917 coniunctae
2157 2851 2320 2933 sint,
2388 2850 2910 2917 memorabimus.
3004 2850 3358 2915 Anthiocus
3403 2849 3630 2933 Syriae
3675 2848 3806 2913 for-

544 2952 829 3018 tissimus
876 2972 987 3018 rex
1031 2973 1336 3037 magnum
1381 2959 1763 3038 apparatum
1808 2953 1966 3019 belli
2015 2960 2236 3020 contra
2278 2955 2588 3038 populum
2620 2955 2976 3019 Romanum
3015 2952 3374 3018 commovit.
3449 2970 3595 3017 xxx
3626 2951 3807 3015 milia

546 3054 604 3119 si
633 3054 895 3136 quidem
926 3062 1312 3121 armatorum
1344 3076 1690 3140 currusque
1723 3056 1994 3122 falcatos
2024 3077 2217 3139 quam
2249 3057 2493 3142 plures,
2546 3057 2861 3121 elefantos
2904 3055 3273 3121 innumeros
3314 3055 3571 3122 turritos
3616 3060 3682 3120 et
3718 3052 3806 3118 ad

544 3157 750 3222 instar
806 3158 1050 3224 murale
1107 3159 1177 3223 in
1235 3158 1375 3225 acie
1434 3159 1656 3225 ordine
1715 3159 1896 3225 sitos.
1991 3160 2095 3225 cui
2153 3160 2423 3226 obvians
2484 3159 2703 3243 Scipio
2763 3158 3057 3224 Africani
3108 3157 3429 3242 Scipionis
3485 3157 3682 3222 frater
3736 3156 3804 3221 in
3842 3173 3905 3215 2⁵

547 3259 706 3325 Asia
749 3260 834 3325 ad
876 3257 1277 3344 Magnesiam
1324 3261 1646 3327 civitatem
1692 3262 2157 3351 commissoque
2202 3262 2446 3346 proelio
2483 3261 2837 3327 Anthiocus
2880 3260 3088 3326 victus
3132 3267 3253 3343 est,
3304 3277 3805 3344 percussumque

550 3362 778 3428 foedus
838 3382 980 3429 cum
1025 3364 1331 3431 Romanis
1392 3364 1475 3431 ab
1520 3365 1679 3430 Asia
1737 3364 2035 3431 discessit
2091 3371 2156 3431 et
2213 3365 2383 3431 ultra
2426 3365 2711 3430 Taurum
2771 3383 2852 3429 ex
2913 3368 3175 3429 senatus
3223 3362 3488 3429 consilio
3533 3381 3805 3446 regnare

550 3465 903 3550 permissus
960 3474 1093 3549 est,
1160 3467 1454 3551 filiosque
1514 3468 1652 3534 eius
1711 3468 1779 3533 in
1837 3468 2130 3534 obsidato
2175 3470 2419 3533 Romae
2460 3467 2773 3533 deductos
2816 3473 2963 3551 post
3005 3466 3206 3550 patris
3250 3467 3492 3532 obitum
3535 3485 3805 3548 regnare

550 3568 821 3652 genitali
878 3569 1016 3635 loco
1077 3570 1395 3636 concessit
1407 3571 1482 3652 ²).
1578 3571 1816 3637 Cilices
1870 3590 2013 3635 cum
2059 3571 2304 3636 Isauris
2348 3571 2599 3656 piratae
2646 3570 2859 3636 effecti
2905 3576 2971 3634 et
3011 3569 3079 3634 in
3123 3568 3283 3633 mari
3329 3588 3562 3652 magno
3609 3586 3806 3652 saepe
3844 3570 3969 3631 228

551 3670 889 3737 latrocinia
947 3671 1339 3737 concitantes
1383 3692 1425 3737 a
1467 3672 1743 3739 Servilio
1799 3673 2180 3758 proconsule
2234 3673 2384 3738 victi
2430 3680 2497 3739 et
2538 3672 2837 3757 prostrati
2882 3679 3049 3737 sunt.
3144 3671 3252 3737 hic
3296 3691 3547 3755 quoque
3592 3671 3809 3736 Servi-
3847 3691 3907 3731 ³0

552 3772 679 3837 lius
733 3772 976 3857 primus
1021 3774 1451 3839 Romanorum
1495 3774 1694 3840 Tauri
1753 3775 1975 3859 iugum
2032 3775 2324 3859 pervium
2381 3775 2538 3841 fecit
2593 3774 3121 3858 triumphansque
3179 3774 3261 3841 de
3321 3794 3537 3840 eorum
3582 3773 3808 3858 spoliis

552 3875 877 3942 Isauricus
922 3875 1290 3961 Cilicusque
1335 3883 1598 3944 vocatus
1650 3884 1751 3944 est
1767 3881 1807 3963 ³)
1826 3928 1840 3942 .

726 4222 1000 4274 HPVL.

733 4375 751 4423 1
795 4378 897 4424 fuit
933 4371 1172 4442 namque]
1207 4376 1400 4425 ruerint
1437 4372 1614 4425 noma
1838 4377 1869 4426 2
1907 4378 2142 4426 manilius
2181 4378 2226 4426 L
2446 4375 2616 4446 61666]
2651 4380 2781 4438 libri,
2824 4380 2961 4427 uisos
3000 4381 3134 4430 mort
3169 4381 3316 4429 libri.-
3352 4381 3622 4438 requiritur
3656 4378 3812 4426 Vulso

554 4460 587 4509 4
623 4459 949 4528 coloscobegi]
978 4464 1151 4510 Florus
1181 4462 1420 4523 (Bamb.)‚
1463 4462 1764 4521 colosobegit
1787 4463 1900 4511 libri
1917 4478 1933 4508 .-
1970 4466 2238 4525 rcquiritur
2267 4464 2577 4524 Tolostobogi
2785 4466 2816 4513 5
2854 4467 3054 4525 magab⁸
3080 4465 3137 4525 P,
3169 4465 3386 4524 magabal
3421 4465 3462 4511 V
3668 4464 3694 4512 7
3734 4466 3811 4511 61·-

554 4547 789 4595 i‘ocandas
825 4548 869 4595 L
1094 4549 1145 4596 in
1185 4549 1323 4596 uices
1360 4547 1404 4594 L
1628 4550 1953 4609 prebuissent
1990 4548 2035 4596 P
2255 4548 2288 4598 9
2325 4550 2494 4598 hostes
2530 4549 2677 4596 HPV
2903 4549 2963 4599 ¹0
3000 4552 3214 4610 galaciae
3263 4550 3303 4596 V
3504 4564 3672 4599 caesar
3706 4547 3814 4618 eos]

554 4645 638 4680 eos
673 4646 810 4681 cesar
846 4646 930 4681 eos
966 4633 1010 4680 L
1252 4633 1433 4695 redigit
1477 4634 1519 4682 V
1778 4633 1833 4683 11
1877 4636 2044 4696 epafro
2083 4635 2159 4683 L.-
2198 4636 2421 4698 epairace
2459 4637 2537 4684 vel
2572 4637 2755 4684 africae
2792 4636 2908 4701 Rufi
2944 4636 3087 4685 libri:
3126 4638 3424 4698 intell-witm-
3457 4637 3745 4685 Ariarathes

554 4731 668 4776 rege
689 4731 785 4765 om.
816 4718 871 4764 H
1039 4720 1238 4767 amitias
1265 4718 1337 4765 L‘¹
1539 4719 1600 4768 12
1639 4717 2042 4787 acuriobarzane]
2065 4719 2228 4781 HPV,
2267 4722 2710 4770 acuriobarzabane
2740 4721 2814 4768 L.-
2853 4723 3209 4771 Ariobarzanes
3237 4722 3407 4782 Rufus
3605 4723 3668 4773 13
3705 4739 3812 4772 ma·
3852 4735 3861 4748 ’

557 4817 668 4850 zaca
705 4802 756 4863 V,
798 4803 1070 4852 mathacam
1098 4805 1142 4852 L
1357 4805 1417 4854 14
1455 4803 1737 4873 archelaus]
1771 4822 1816 4854 a.
1847 4808 2048 4855 nomine
2086 4807 2130 4854 L
2341 4806 2404 4855 16
2443 4808 2789 4869 cappodociam
2828 4808 2882 4854 H
3085 4808 3273 4856 intecto
3310 4808 3354 4854 P
3556 4811 3815 4871 prouincia

559 4889 671 4936 libri
916 4887 977 4937 17
1015 4892 1340 4952 paflaconiam
1375 4891 1536 4952 HPV,
1576 4893 1849 4953 panaconia
1884 4891 1928 4938 L
2163 4890 2224 4941 18
2260 4890 2566 4959 pylemenis]
2601 4891 2756 4952 HPV,
2798 4894 3047 4954 pilemens
3085 4892 3130 4939 L
3365 4892 3426 4942 19
3462 4891 3541 4960 66]
3577 4896 3661 4942 sed
3703 4895 3747 4942 L

559 4988 789 5022 romanus
826 4975 879 5021 H
1102 4975 1160 5023 21
1204 4977 1578 5038 progrediamur
1615 4978 1656 5025 L
1882 4976 1946 5026 22
1984 4982 2104 5025 sunt
2142 4977 2186 5024 L
2393 4979 2783 5027 memorauimus
2821 4979 2875 5024 H
3089 4977 3154 5027 23
3193 4992 3298 5027 xxx
3336 4975 3500 5045 milia]
3535 4979 3676 5027 libri.-
3714 4985 3815 5027 tre-

557 5065 703 5108 centa
739 5061 877 5109 milia
910 5063 987 5109 vel
1022 5062 1353 5124 quadraginta
1390 5063 1524 5110 milia
1559 5063 1674 5111 libr-2·
1710 5062 1825 5124 Rufi
2091 5061 2156 5112 24
2193 5064 2436 5113 elefantes
2473 5065 2530 5111 H
2764 5072 2816 5112 et
2850 5079 2949 5113 om.
2990 5064 3034 5111 L
3298 5063 3364 5113 25
3401 5061 3616 5131 murale]
3652 5065 3809 5128 HPV‚

559 5147 785 5195 mirabile
822 5146 867 5194 L
1101 5147 1165 5197 26
1203 5149 1357 5197 salam
1395 5149 1437 5196 1.
1671 5149 2043 5211 cummissoque
2079 5149 2136 5196 Η
2362 5147 2428 5198 28
2465 5151 2725 5212 liliumque
2761 5150 2805 5197 L
3031 5132 3364 5198 obsidat'orum
3398 5150 3523 5199 aede
3556 5152 3731 5200 ductos
3767 5149 3821 5197 H

559 5230 625 5280 30
660 5228 994 5299 concitantes]
1029 5239 1322 5283 exercentes
1361 5234 1405 5281 L
1612 5231 1930 5301 proconsule]
1965 5236 2172 5284 consule
2207 5235 2262 5281 H
2664 5239 2670 5244 ”

735 5521 778 5586 1)
823 5538 936 5573 cum
971 5524 1243 5573 Archelaus
1281 5538 1371 5573 rex
1410 5523 1755 5587 Cappadocum
1794 5527 1996 5575 Romam
2035 5528 2259 5576 venisset
2294 5533 2348 5576 et
2383 5529 2455 5575 ibi
2493 5529 2582 5577 diu
2620 5528 2860 5578 detentus
2895 5529 3239 5588 occubuisset,
3290 5529 3342 5576 in
3385 5529 3669 5590 provinciae
3703 5542 3818 5593 666·

560 5609 688 5657 ciem
724 5608 1033 5672 Cappadocia
1069 5611 1302 5670 migravit
1341 5610 1526 5670 Rufus.

733 5693 781 5758 2)
824 5697 935 5744 6166
971 5697 1062 5744 mii
1100 5710 1311 5756 regnum
1349 5696 1518 5756 Syriae
1556 5699 1649 5745 sub
1685 5699 1922 5746 clientela
1957 5699 2131 5760 populi
2167 5699 2373 5748 Romani
2410 5701 2733 5748 retinuerunt
2771 5699 2957 5759 Rufus.

734 5779 781 5842 3)
825 5783 971 5844 isque
1005 5782 1068 5832 de
1105 5783 1344 5832 Cilicibus
1381 5788 1433 5829 et
1471 5783 1655 5832 isauris
1691 5785 2021 5846 triumphavit
2055 5787 2229 5848 itaque
2265 5787 2517 5835 Isauricus
2553 5792 2631 5835 est
2665 5788 3041 5846 cognominatus
3077 5784 3262 5844 Rufus.

2776 6008 2804 6024 Q
