4882 6775
2034 440 2373 498 ROMANA.
3748 446 3831 508 43

574 630 695 695 lier
740 628 1172 712 virginitatem
1217 636 1619 713 servaverat,
1670 631 1740 696 in
1782 631 2185 697 matrimonio
2228 632 2583 698 adsumens
2626 617 2894 717 regnum
2937 632 3109 715 quod
3152 632 3414 699 delicati
3456 631 3834 699 decessores

574 732 1192 818 prodecessoresque
1238 732 1378 798 eius
1423 753 1538 817 per
1581 752 1784 799 annos
1829 733 1965 800 fere
2011 734 2355 818 sexaginta
2399 735 2680 800 vicissim
2725 736 3118 820 imperantes
3163 736 3548 819 minuerant,
3608 735 3830 800 divina

573 835 939 921 provisione
984 834 1078 900 sic
1120 836 1475 920 reparavit,
1529 842 1599 901 ut
1641 837 1951 903 exultatio
1994 837 2224 921 ingens
2270 838 2516 903 cunctis
2562 838 2988 904 adcresceret.
3080 858 3229 903 nam
3276 858 3419 903 cum
3465 838 3721 904 Parthis
3766 844 3832 904 et
3867 838 3991 900 333

572 938 886 1004 Vandalis
952 939 1207 1004 omnino
1272 939 1731 1004 infestantibus
1795 960 2019 1024 pacem
2092 941 2395 1020 instituit,
2471 941 2712 1006 Attilae
2780 941 2990 1007 minas
3046 940 3454 1026 conpescuit,
3526 940 3833 1007 Novades

572 1044 1080 1126 Blemmesquef)
1137 1042 1437 1126 Ethiopia
1482 1043 1815 1128 prolapsos
1860 1064 1976 1129 per
2016 1044 2280 1110 Florum
2313 1044 2797 1110 Alexandrinae
2843 1044 3018 1110 urbis
3062 1050 3534 1128 procuratorem
3579 1043 3836 1110 sedavit
3874 1063 3901 1103 s

573 1151 637 1210 et
681 1144 930 1229 pepulit
973 1166 1015 1209 a
1058 1145 1292 1210 finibus
1337 1147 1785 1228 Romanorum,
1838 1146 2207 1231 obitumque
2251 1147 2494 1213 Attilae
2540 1153 2605 1213 et
2649 1146 2930 1213 Zenonis
2974 1147 3184 1212 Isauri
3228 1147 3558 1213 interitum
3581 1197 3596 1226 ,
3648 1152 3834 1212 ante-

573 1269 766 1331 quam
811 1248 1164 1329 moriretur,
1218 1248 1377 1313 felix
1409 1249 1696 1333 conperit
1720 1249 2112 1315 infelicium:
2173 1251 2582 1334 omniumque
2627 1250 3027 1316 inimicorum
3074 1268 3329 1315 suorum
3381 1250 3551 1315 colla
3593 1249 3833 1315 domini

298 1361 440 1403 Huc·
471 1364 550 1406 ⁴⁵⁵
575 1351 808 1417 virtute
863 1352 1121 1417 calcans
1183 1359 1364 1416 sexto
1420 1371 1588 1416 anno
1645 1359 1954 1436 sextoque
2013 1373 2234 1419 mense
2293 1373 2575 1437 regnans
2618 1354 2685 1417 in
2728 1373 2889 1438 pace
2934 1352 3200 1435 quievit.
3259 1353 3284 1437 ΙΙ
3337 1352 3831 1419 Valentinianus
3870 1354 3992 1417 334

572 1460 785 1519 autem
832 1454 1255 1519 occidentalis
1301 1454 1645 1539 imperator
1688 1455 1834 1521 dolo
1879 1455 2145 1520 Maximi
2189 1455 2463 1541 patricii,
2518 1455 2700 1520 cuius
2745 1456 2940 1520 etiam
2986 1454 3216 1521 fraude
3256 1455 3482 1520 Aetius
3527 1456 3826 1540 perierat,

573 1556 641 1621 in
700 1576 925 1641 campo
971 1557 1231 1639 Martio,
1292 1578 1408 1642 per
1452 1557 1736 1642 Optilam
1797 1565 1862 1624 et
1905 1557 2391 1624 Thraufistilam
2435 1558 2608 1624 Aetii
2667 1558 2982 1624 satellites
3043 1558 3170 1623 iam
3225 1578 3530 1643 percusso
3576 1559 3831 1624 Eraclio
3874 1576 3932 1617 ιο

576 1660 861 1745 spadone
917 1667 1246 1726 truncatus
1305 1666 1423 1725 est.
1518 1660 1854 1746 imperium
1908 1681 2159 1744 quoque
2205 1661 2344 1727 eius
2389 1661 2561 1727 idem
2605 1661 2927 1726 Maximus
2971 1661 3208 1726 invasit
3251 1661 3567 1744 tertioque
3609 1667 3834 1745 tyran-

574 1762 746 1827 nidis
807 1781 963 1828 suae
1019 1782 1241 1829 mense
1300 1763 1699 1829 membratim
1747 1765 1988 1830 Romae
2047 1785 2089 1829 a
2131 1764 2436 1830 Romanis
2496 1764 2856 1849 discerptus
2916 1771 3033 1830 est.
3131 1764 3466 1830 Gizericus
3523 1770 3677 1829 tnnc
3719 1783 3833 1829 rex

575 1865 1008 1932 Vandalorum
1066 1867 1149 1931 ab
1195 1867 1491 1933 Eudoxia
1533 1867 1968 1934 Valentiniani
2025 1886 2226 1933 uxore
2283 1867 2591 1934 invitatus
2650 1888 2729 1933 ex
2775 1867 2997 1933 Africa
3040 1868 3306 1933 Romam
3358 1867 3690 1950 ingressus
3735 1873 3836 1932 est

574 1990 845 2052 eamque
912 1970 1134 2035 urbem
1202 1971 1394 2035 rebus
1462 1969 1756 2036 omnibus
1825 1970 2216 2056 expoliatam
2283 1971 2557 2037 eandem
2617 1970 2976 2036 Eudoxiam
3011 1974 3188 2036 ‘eum
3256 1970 3508 2036 duabus
3573 1969 3831 2036 filiabus

574 2090 789 2137 secum
835 2072 904 2137 in
948 2072 1171 2138 Africa
1215 2072 1473 2138 rediens
1522 2072 1726 2138 duxit.
3869 2092 3930 2133 1⁵

430 2188 547 2230 IGN-
748 2176 879 2241 Leo
931 2175 1200 2241 Bessiea
1254 2181 1429 2241 ortus
1487 2176 1838 2259 progeniae
1883 2177 2152 2261 Asparis
2211 2176 2466 2262 patricii
2523 2177 2809 2262 potentia
2867 2196 2948 2241 ex
3006 2176 3259 2241 tribuno
3303 2174 3576 2240 militum
3622 2174 3830 2241 factus
3868 2177 3993 2240 335

294 2293 443 2335 Utre-
471 2293 548 2333 ⁴⁵⁷
579 2287 678 2345 est
718 2279 1083 2364 imperator.
1144 2279 1168 2364 ΙΙ
1222 2279 1405 2344 cuius
1447 2286 1606 2345 nutu
1651 2300 1799 2345 mox
1844 2282 1985 2345 loco
2032 2279 2469 2347 Valentiniani
2513 2281 2688 2366 apud
2732 2281 3108 2345 Ravennam
3153 2278 3543 2343 Maiorianus
3589 2279 3832 2344 Caesar

339 2396 444 2437 Get·
472 2395 551 2437 2³⁶
578 2390 679 2448 est
735 2383 1101 2465 ordinatus,
1162 2382 1187 2465 ΙΙ
1239 2382 1349 2465 qui
1407 2382 1594 2447 tertio
1651 2382 1924 2448 necdum
1981 2404 2149 2448 anno
2207 2384 2465 2468 expleto
2521 2384 2589 2448 in
2650 2403 2849 2467 regno
2908 2383 3085 2467 apud
3130 2383 3476 2448 Dertonam
3521 2381 3833 2447 occiditur

571 2486 836 2568 locoque
895 2485 1035 2551 eius
1096 2484 1237 2550 sine
1294 2484 1603 2569 principis
1662 2485 1844 2550 iussu
1889 2486 2124 2551 Leonis
2167 2486 2559 2552 Severianus
2616 2486 2889 2551 invasit:
2965 2484 3082 2550 sed
3149 2491 3215 2550 et
3270 2484 3413 2569 ipse
3470 2484 3832 2568 tyrannidis
3869 2487 3994 2550 336

332 2583 548 2679 ‹iff'ssg
575 2588 677 2653 sui
720 2589 905 2654 tertio
948 2608 1115 2653 anno
1160 2588 1418 2672 expleto
1447 2589 1691 2654 Romae
1735 2590 2050 2655 occubuit.
2089 2590 2114 2675 ΙΙ
2146 2599 2297 2655 tunc
2327 2591 2458 2655 Leo
2487 2588 2900 2654 Anthemium
2941 2587 3076 2653 divi
3107 2586 3417 2654 Marciani
3447 2607 3756 2671 generum
3775 2590 3821 2671 2)
3868 2606 3929 2650 20

572 2712 654 2756 ex
719 2692 986 2776 patricio
1057 2691 1402 2757 Caesarem
1479 2692 1783 2758 ordinans
1854 2694 2094 2758 Romae
2163 2692 2232 2757 in
2302 2692 2573 2777 imperio
2643 2690 2977 2758 distinavit
3044 2690 3461 2773 Bigelemque
3522 2689 3829 2756 Getarum

572 2814 791 2878 regem
839 2815 954 2879 per
997 2794 1396 2861 Ardaburem
1441 2795 1708 2881 Asparis
1754 2794 1955 2861 filium
1999 2795 2324 2862 interemit
2340 2800 2413 2879 3).
2513 2795 2895 2861 Basiliscum
2942 2800 3283 2877 cognatum
3330 2813 3552 2875 suum,
3615 2793 3685 2859 id
3733 2802 3836 2860 est
3869 2795 3992 2858 337

570 2898 835 2964 fratrem
879 2899 1213 2982 Augustae
1258 2898 1536 2965 Verinae
1582 2898 1863 2964 Africam
1925 2899 2211 2982 dirigens
2272 2919 2415 2965 cum
2463 2899 2783 2981 exercitu,
2852 2897 2961 2982 qui
3004 2897 3225 2963 navali
3271 2896 3513 2982 proelio
3558 2896 3831 2962 Charta-

569 3001 784 3085 ginem
842 3021 1037 3087 saepe
1095 3001 1488 3085 adgrediens
1546 3008 1696 3067 ante
1756 3022 1836 3067 ea
1900 3002 2108 3068 victus
2174 3002 2527 3088 cupiditate
2593 3002 2884 3087 pecuniis
2951 2999 3241 3066 vendidit
3302 3000 3442 3083 regi
3500 2999 3830 3065 Vandalo-
3868 3017 3928 3061 2⁴

336 3118 442 3161 Got-
468 3118 548 3160 2³⁹
572 3125 733 3186 rum,
785 3125 978 3187 quam
1009 3105 1076 3170 in
1105 3105 1532 3171 Romanorum
1564 3111 1948 3190 potestatem
1979 3105 2303 3188 redigeret
2319 3108 2392 3188 ⁴).
2433 3105 2460 3190 ΙΙ
2490 3105 2808 3190 Asparum
2840 3111 3055 3170 autem
3101 3102 3439 3187 patricium
3484 3122 3629 3179 cum
3673 3102 3829 3168 filiis
3866 3105 3990 3169 338

574 3207 975 3274 Ardaburem
1022 3214 1088 3273 et
1129 3207 1539 3273 Patriciolum
1584 3208 1861 3273 Zenonis
1903 3208 2127 3291 generi
2173 3207 2275 3277 sui
2317 3207 2625 3273 instinctu
2669 3207 2737 3272 in
2781 3206 3026 3292 palatio
3068 3204 3467 3290 trucidavit„
3498 3205 3833 3288 occisoque

185 3361 308 3403 Get·
342 3302 547 3402 {gfff
573 3312 814 3377 Romae
857 3311 1198 3376 Anthemio
1249 3310 1275 3395 ΙΙ
1328 3311 1642 3396 Nepotem
1701 3309 1903 3375 filium
1949 3310 2291 3396 Nepotiani
2353 3311 2654 3397 copulata
2696 3316 2888 3395 nepte
2934 3329 3054 3375 sua
3096 3309 3163 3374 in
3207 3308 3610 3374 matrimonio
3653 3309 3828 3395 apud

569 3416 944 3481 Ravennam
989 3436 1108 3499 per
1136 3414 1573 3481 Domitianum
1620 3415 1919 3481 clientem
1966 3434 2152 3482 suum
2184 3416 2532 3482 Gaesarem
2577 3414 2900 3480 ordinavit
2916 3415 2991 3494 ⁵).
3085 3413 3195 3495 qui
3226 3414 3450 3498 Nepus
3481 3433 3680 3495 regno
3712 3434 3831 3499 po-

567 3518 721 3585 titus
767 3518 1055 3602 legitimo
1101 3517 1499 3603 Glycerium,
1552 3519 1662 3603 qui
1706 3518 1831 3584 sibi
1873 3520 2208 3604 tyrannico
2255 3539 2428 3585 more
2474 3538 2742 3602 regnum
2787 3516 3215 3602 inposuisset,
3268 3517 3351 3582 ab
3396 3515 3667 3601 imperio
3711 3536 3828 3581 ex-
3865 3532 3927 3576 zo

570 3623 821 3708 pellens
880 3622 951 3688 in
994 3621 1236 3687 Salona
1279 3621 1644 3689 Dalmatiae
1702 3622 2073 3709 episcopum
2129 3622 2302 3689 fecit.
2399 3621 2497 3688 sic
2553 3640 2802 3705 quoque
2854 3621 2986 3686 Leo
3031 3620 3312 3686 Leonem
3372 3620 3686 3686 iuniorem
3746 3640 3827 3685 ex
3865 3620 3992 3684 339

743 3988 863 4036 ΗΡ
890 3987 991 4037 Vs
1017 3987 1066 4051 (8
1104 3988 1492 4037 Valentinianus
1527 4014 1596 4023 —
1636 3986 1695 4035 17
1733 3987 2018 4049 imperator)
2048 3987 2091 4035 L
2118 3986 2310 4035 Paulus
2335 3987 2382 4037 h.
2413 3985 2476 4036 R.
2509 3987 2590 4047 15,
2627 3990 2650 4033 l
2697 3983 2777 4045 (17
2816 3985 2951 4046 apud
2983 4011 3049 4020 —
3093 3982 3156 4033 19
3193 3985 3407 4044 invasit3
3449 3981 3518 4033 28
3553 3983 3723 4045 Nepus
3756 4007 3828 4018 —

571 4074 636 4123 30
673 4075 834 4136 fecit).
911 4073 1178 4135 Faculsus
1214 4075 1264 4136 2,
1307 4076 1357 4135 5,
1401 4077 1466 4122 17
1507 4073 1590 4134 (20
1628 4080 1749 4122 tunc
1782 4099 1852 4109 —
1887 4072 1953 4122 25
1993 4073 2281 4134 redigeret).
2357 4087 2398 4121 c.
2436 4074 2501 4120 18
2531 4072 2578 4133 (α
2604 4071 2669 4120 30
2694 4071 2835 4131 Leo).
2874 4096 2944 4106 —
2981 4069 3114 4120 Mur.
3150 4084 3206 4131 p.
3237 4056 3363 4118 ‘239¹’
3396 4086 3448 4119 v.
3480 4067 3542 4116 19
3578 4067 3687 4117 -dis
3723 4071 3821 4117 sui.

739 4246 771 4296 2
808 4245 1004 4315 diuina]
1041 4247 1196 4296 diuisi
1232 4263 1261 4295 a
1302 4248 1344 4295 V
1605 4246 1635 4295 5
1673 4247 1796 4295 fioru
1841 4246 1883 4294 V
2135 4243 2164 4292 7
2202 4251 2477 4294 moreretur
2512 4244 2558 4292 P
2797 4256 2899 4305 qne
2935 4255 3031 4292 om.
3081 4241 3124 4290 V
3372 4238 3405 4289 9
3441 4243 3611 4288 autem
3644 4253 3741 4289 om.
3783 4239 3827 4287 L

575 4332 635 4382 10
670 4334 873 4382 obtilam
912 4333 1005 4381 PV
1207 4340 1260 4383 et
1294 4334 1621 4382 hraussstilam
1658 4333 1701 4381 L
1718 4349 1733 4379 .·
1773 4332 2072 4381 Traustssam
2112 4329 2436 4380 Marcellinus
2646 4342 2938 4392 persecusso
2972 4327 3026 4375 Η
3228 4322 3429 4393 eraclio]
3472 4325 3572 4388 VL,
3612 4326 3829 4375 heraclio

568 4420 622 4481 8,
665 4421 870 4469 eracclio
907 4420 1004 4467 ΗΡ
1281 4417 1342 4467 12
1379 4419 1661 4482 discreptus
1697 4417 1778 4465 P‘*
2056 4413 2202 4484 tunc]
2253 4416 2324 4464 bis
2360 4416 2407 4464 P
2685 4414 2745 4465 13
2796 4414 3000 4463 eudosla
3037 4413 3080 4461 L
3361 4412 3423 4460 14
3472 4411 3647 4462 eadem
3685 4410 3833 4460 HPV

575 4505 637 4555 15
672 4502 847 4571 africa]
872 4505 1140 4568 H(?)PVS,
1182 4506 1388 4554 africam
1412 4505 1457 4554 L
1671 4503 1731 4554 16
1768 4498 2060 4569 progeniae]
2087 4501 2250 4564 HPV,
2295 4503 2531 4565 progenie
2556 4501 2609 4562 8,
2650 4501 2874 4563 prolenis
2899 4499 2942 4547 L
3156 4497 3215 4547 17
3254 4493 3409 4565 nutu]
3446 4503 3619 4547 notum
3645 4497 3758 4545 ΠΜ

570 4593 850 4640 ualentiani
873 4593 982 4653 ΗΡ,
1023 4593 1304 4640 ualentinin
1337 4591 1379 4639 V
1582 4587 1739 4656 apud]
1779 4604 1892 4639 mox
1917 4590 2051 4651 apud
2076 4588 2148 4637 L“
2361 4586 2424 4637 19
2464 4587 2685 4638 Seuerus
2728 4586 2835 4636 Get.
2866 4587 2967 4636 236
2990 4600 3105 4634 cum
3131 4585 3424 4633 Marcellino
3633 4581 3698 4632 20
3734 4583 3830 4631 Ar-

567 4680 776 4727 temInm
813 4680 897 4728 Fr.
1110 4676 1171 4727 21
1213 4678 1417 4738 bigilem
1443 4677 1501 4738 L,
1545 4677 1783 4737 Bigenem
1823 4676 1906 4724 Fr.
2120 4673 2185 4723 22
2222 4674 2533 4723 Ardeburem
2569 4674 2653 4722 Fr.
2776 4727 2782 4734 ,
2869 4672 2934 4721 24
2971 4667 3052 4738 ea]
3090 4671 3248 4731 HPV,
3288 4683 3397 4718 eam
3428 4671 3473 4719 L
3679 4672 3828 4731 cupi-

568 4767 772 4816 ditatem
809 4765 955 4813 HPV
1175 4764 1242 4814 25
1278 4768 1527 4827 potestate
1567 4762 1701 4810 PVL
1907 4762 2149 4821 redigerit
2183 4760 2296 4810 libri
2523 4757 2591 4809 26
2626 4761 2823 4820 generis
2857 4759 2902 4807 L
3128 4756 3193 4807 27
3230 4757 3339 4806 filiu
3385 4757 3427 4805 V
3632 4753 3698 4805 28
3734 4770 3826 4819 po-

569 4854 672 4903 tius
719 4853 758 4899 V
961 4850 1029 4900 29
1065 4851 1357 4913 inposuerat
1391 4849 1436 4897 L
1643 4847 1709 4897 30
1744 4844 1889 4914 fecit]
1925 4848 2180 4896 ordinauit
2214 4846 2257 4895 L

748 5147 789 5207 1)
831 5141 1107 5212 Βλέμμυες
1142 5140 1230 5193 καὶ
1265 5137 1530 5209 Νούβαδες
1565 5140 1703 5202 apud
1742 5139 1967 5188 Priscum
2001 5139 2072 5200 fr.
2103 5140 2163 5186 21
2208 5139 2382 5188 Muza.
2404 5155 2420 5185 .·
2459 5137 2528 5198 cf.
2559 5137 2628 5197 sr.
2660 5139 2742 5186 22.

741 5233 787 5293 2)
835 5231 1154 5279 Anthemium
1189 5244 1421 5291 ymemm
1456 5228 1612 5290 fuisse
1650 5226 1899 5275 Marciani
1933 5240 2089 5287 neque
2124 5228 2178 5273 in
2214 5223 2397 5274 Getieis
2433 5226 2612 5284 leyitur
2645 5237 2800 5286 neque
2835 5225 2970 5284 apud
2996 5222 3358 5282 Marcellinum,
3400 5222 3538 5271 habet
3577 5223 3829 5283 Ευαοτὶω

572 5323 620 5383 2,
664 5322 729 5369 16
767 5323 819 5367 in
853 5321 1068 5380 epitoma
1105 5331 1255 5379 quam
1291 5318 1391 5377 ipse
1426 5319 1498 5364 ait
1534 5318 1780 5374 sumptam
1814 5327 1915 5361 esse
1951 5327 2007 5359 α
2042 5312 2415 5372 diliyentissima
2453 5311 2609 5359 Prisci
2642 5312 2944 5360 nmatione.

744 5405 792 5466 3)
835 5404 930 5452 Bes
964 5403 1084 5452 olibi
1117 5417 1220 5451 non
1252 5406 1568 5451 muneratur.
1639 5399 1710 5460 cf.
1753 5399 1935 5448 fluidae
1971 5415 2012 5448 ε.
2052 5414 2136 5446 υ..·
2186 5388 2539 5467 Ἀρδαβούριος
2574 5393 2684 5452 υἱὸς
2709 5383 2960 5464 Ἄσπαρος
2996 5397 3229 5464 γενναῖος
3262 5393 3349 5446 τὸν
3387 5392 3552 5463 θυμὸν
3587 5391 3676 5447 καὶ
3709 5391 3828 5451 τοὺς

570 5489 665 5559 τὴν
706 5479 912 5560 Θρᾴκην
949 5484 1200 5545 πολλάκις
1234 5483 1657 5553 καταδραμόντας
1695 5483 1981 5554 βαρβάρους
2018 5482 2285 5551 εὐρώστως
2320 5479 2798 5551 ἀποιρουσάμενος.

742 5577 790 5637 4)
838 5576 1085 5634 Εααρήω
1122 5575 1158 5624 l.
1198 5588 1242 5622 c.
1263 5589 1279 5619 .-
1318 5569 1636 5640 lanimem
1672 5570 1729 5622 δὲ
1766 5570 2042 5641 στρατηγὸς
2075 5569 2208 5622 κατὰ
2244 5565 2510 5639 Γιζερίχου
2549 5564 2860 5626 Βασιλίσκος
2896 5564 2925 5619 ὁ
2959 5571 3054 5637 τῆς
3079 5562 3300 5624 Λέοντος
3335 5565 3571 5636 γυναικὸς
3606 5562 3828 5635 ἀδελφὸς

571 5661 700 5739 μετὰ
736 5656 1127 5729 στρατευμάτων
1164 5655 1451 5728 ἀριστίνδην
1488 5655 1906 5728 συνειλεγμένων,
1946 5653 2076 5724 ἅπερ
2112 5653 2449 5726 ἀκριβέστατα
2485 5650 2690 5722 Πρίσκῳ
2726 5653 2807 5721 τῷ
2842 5651 3017 5724 ῥητύρι
3053 5650 3352 5721 πεπόνηται.

744 5751 793 5812 5)
839 5749 935 5798 Nec
968 5753 1155 5817 patrem
1196 5747 1393 5812 Nepotis
1428 5763 1518 5801 nee
1556 5748 1896 5799 Domitianum
1933 5746 2060 5796 hunc
2093 5746 2270 5809 reliqui
2304 5748 2527 5793 auctam
2564 5746 2852 5794 memorant.

3337 5839 3416 5892 ὃ·
