4882 6775
1106 445 1220 505 154

1162 632 1242 680 Ad
1286 633 1417 680 hunc
1461 630 1581 679 data
1626 645 1724 678 esse
1770 630 1983 679 creditur
2031 632 2240 691 epistula
2291 631 2487 680 Sidonii
2532 632 2588 689 3,
2632 631 2691 679 9:

1162 701 1400 751 Sidonius
1426 701 1688 749 Riothamo
1708 715 1814 750 suo.
1865 699 1944 759 Cf.
1974 700 2235 759 Greyorius
2270 700 2565 748 Turonensis
2586 700 2692 747 hist.

1163 771 1212 833 2,
1251 770 1339 820 18:
1392 770 1623 817 Britanni
1673 771 1735 817 de
1774 769 1996 817 Biturica
2045 786 2073 817 a
2109 769 2283 816 Gothis
2334 770 2541 830 expulsi
2579 776 2699 817 sunt

1162 841 1340 889 multis
1377 839 1507 901 apud
1546 839 1817 887 Dolensem
1855 840 2018 886 vicum
2057 840 2348 900 peremptis.

1094 913 1220 958 Roas
1256 925 1305 958 υ.
1350 909 1500 959 Ruas,

1094 980 1303 1027 Roboam
1344 976 1595 1026 61o.2s.
1631 984 1712 1024 31.

1098 1048 1314 1096 Roduult'
1346 1061 1426 1093 rex
1462 1051 1518 1092 ut
1565 1044 1760 1091 videtur
1797 1045 2090 1092 Her-ntorum
2128 1046 2191 1093 60
2222 1056 2269 1093 3.
2345 1045 2614 1104 Procopius
2652 1043 2697 1091 b.

1171 1116 1311 1164 Goth.
1364 1116 1411 1174 2,
1461 1112 1521 1162 14
1568 1118 1742 1161 narrat
1794 1111 2074 1172 Rodulsum
2136 1106 2486 1181 (Ροὸοὖλφον)
2545 1127 2700 1173 reyem

1164 1186 1467 1234 HeruLorum
1505 1185 1642 1231 tertio
1674 1187 1939 1243 postquam
1965 1182 2258 1230 Anastasius
2298 1186 2560 1243 immrator
2583 1181 2699 1241 sae-

1164 1260 1243 1303 tus
1278 1257 1348 1301 est
1383 1266 1536 1311 ann0,
1579 1251 1631 1299 id
1667 1256 1735 1298 est
1772 1252 1871 1300 493
1909 1267 1939 1298 a
1974 1255 2078 1299 suis
2115 1257 2338 1300 coactum
2364 1250 2701 1310 Lanyobardis

1164 1324 1346 1372 bellum
1392 1323 1647 1370 intulisse:
1696 1333 1774 1368 eos
1828 1320 2018 1368 cladem
2065 1324 2408 1379 yravissimam
2453 1334 2700 1380 perpessos

1165 1395 1267 1452 ipso
1306 1404 1494 1452 quoque
1530 1389 1751 1448 Roduls'o
1788 1392 1842 1438 in
1874 1391 2060 1450 proelio
2096 1404 2236 1438 caeso
2270 1394 2380 1451 post
2416 1392 2581 1437 varios
2617 1404 2701 1436 ca-

1163 1475 1246 1508 sus
1293 1460 1351 1507 ab
1400 1460 1661 1506 Anastasio
1715 1458 1848 1506 sedes
1902 1461 1954 1506 in
2002 1458 2229 1518 partibus
2276 1458 2515 1506 Romanis
2563 1472 2698 1506 acce-

1162 1533 1319 1590 pisse,
1373 1528 1424 1576 id
1475 1527 1602 1589 quod
1651 1526 1823 1586 referri
1866 1530 1982 1575 solet
2018 1528 2084 1574 ad
2119 1543 2168 1578 a.
2213 1529 2312 1576 512
2367 1528 2452 1587 (es.
2501 1528 2701 1574 Clinton

1165 1598 1228 1646 ad
1283 1598 1329 1646 h.
1382 1598 1473 1659 a.).
1550 1596 1714 1645 eodem
1762 1600 1815 1646 in
1864 1611 2056 1643 summa
2109 1612 2159 1645 re
2206 1597 2411 1644 redeunt
2467 1610 2592 1658 quae
2646 1595 2702 1643 de

1163 1670 1348 1728 proelio
1386 1670 1511 1714 inter
1536 1664 1890 1725 Lanyobardos
1926 1666 2011 1714 sub
2046 1679 2156 1726 reye
2186 1666 2369 1713 Tatone
2396 1667 2701 1725 Herulosque

1163 1737 1250 1784 sub
1276 1752 1385 1796 reye
1411 1735 1630 1795 Rodulf'o
1664 1736 1903 1796 huiusque
1940 1737 2175 1782 occisione
2211 1741 2485 1783 narrantur
2508 1738 2560 1782 in
2589 1734 2702 1780 Ori-

1165 1809 1279 1866 9ine
1313 1807 1470 1865 ventis
1494 1804 1933 1864 Lanyobardorum
1968 1818 2009 1851 e.
2042 1803 2072 1850 4
2110 1809 2153 1851 et
2190 1803 2321 1864 apud
2347 1803 2565 1851 Paulum
2589 1804 2698 1851 hist.

1168 1876 1329 1934 Lany.
1378 1873 1423 1933 1.
1451 1873 1537 1923 20.
1598 1873 1726 1920 idem
1752 1871 2003 1931 Rodulfus
2041 1873 2165 1920 nihil
2204 1872 2403 1933 impedit
2444 1876 2703 1934 quominus

1166 1957 1261 2005 quo
1292 1948 1500 2003 tempore
1533 1941 1856 1989 Theodorieus
1894 1945 1946 1988 in
1988 1941 2170 1988 Moesia
2205 1942 2509 2000 morabatur,
2553 1942 2601 1988 id
2638 1944 2704 1987 est

1170 2018 1284 2060 ante
1318 2028 1366 2059 a.
1397 2015 1514 2072 489,
1546 2011 1611 2058 ad
1636 2025 1745 2058 eum
1777 2011 2033 2071 profectus
2056 2013 2117 2057 sit
2142 2014 2338 2072 eiusque
2370 2014 2704 2071 patrocinium

1166 2083 1469 2143 impeti-am,-
1507 2096 1627 2129 nam
1666 2079 1795 2141 quod
1832 2079 2035 2127 additur
2064 2094 2174 2127 eum
2208 2083 2463 2141 proprium
2502 2094 2704 2139 reynum

1167 2153 1526 2210 contempsisse,
1571 2151 1779 2209 pertinet
1813 2151 1918 2196 sine
1954 2147 2101 2195 dubio
2137 2148 2202 2195 ad
2239 2153 2437 2197 inanem
2482 2150 2704 2196 Gothico-

1166 2234 1278 2266 rum
1322 2224 1580 2267 auctorum
1625 2219 2108 2278 mayniloquentiam.
2189 2233 2273 2266 rex
2317 2219 2618 2266 Hemtorum
2667 2220 2706 2263 is

1170 2303 1310 2351 quem
1341 2302 1428 2348 per
1463 2302 1601 2335 arma
1636 2287 1954 2335 Theodericus
1979 2286 2231 2346 adoptavit
2264 2288 2566 2347 (Cassiodor.
2594 2302 2699 2334 var.

1170 2358 1218 2416 4,
1251 2357 1299 2416 2)
1332 2356 1551 2405 diversus
1577 2355 1727 2414 fuerit
1752 2371 1945 2403 necesse
1969 2361 2053 2404 est.
2121 2356 2357 2403 Iordanes
2393 2361 2558 2403 autem
2583 2370 2705 2417 quae

1167 2427 1226 2473 de
1264 2425 1484 2485 Roduls'o
1520 2427 1685 2483 habet,
1736 2428 1837 2474 sive
1885 2429 2056 2473 auctor
2103 2426 2177 2472 hic
2218 2439 2406 2486 quoque
2450 2424 2706 2472 balbutivit

1168 2498 1269 2542 sive
1317 2494 1710 2542 additamentum
1757 2498 1826 2541 est
1872 2497 2119 2553 scriptoris
2168 2497 2405 2542 insertum
2454 2496 2556 2540 loco
2603 2507 2706 2541 non

1168 2578 1286 2624 sua,
1339 2563 1403 2610 ad
1440 2564 1650 2611 Herulos
1686 2566 1917 2623 respicere
1959 2566 2206 2625 existima,
2262 2578 2417 2623 neque
2455 2566 2587 2611 enim
2623 2577 2705 2609 as-

1166 2635 1346 2680 sentior
1394 2635 1453 2680 iis
1503 2635 1585 2693 qui
1631 2634 1776 2680 verba
1826 2635 1895 2679 ita
1942 2635 2188 2691 accipiunt
2224 2633 2502 2693 Rodulfum
2548 2646 2706 2691 reyem

1169 2702 1322 2762 fuisse
1358 2704 1457 2749 sive
1490 2702 1725 2749 Granniis
1761 2706 1806 2748 et
1837 2704 1919 2763 qui
1943 2706 2217 2761 sequuntur
2240 2715 2319 2748 sea:
2340 2702 2556 2763 populis,
2587 2714 2707 2761 quae

1169 2773 1335 2830 opinio
1373 2775 1441 2819 est
1484 2770 1810 2818 Gutsehmidii
1844 2786 1894 2830 p.
1938 2769 2053 2830 232,
2097 2772 2214 2831 sive,
2258 2774 2310 2817 in
2347 2785 2446 2831 qua
2481 2772 2708 2830 opinione

1176 2839 1576 2901 Muellenhoffius
1599 2844 1685 2896 est,
1720 2841 1833 2886 solis
1858 2844 2062 2886 ertremo
2088 2840 2191 2887 loco
2216 2842 2488 2887 nominatis
2511 2839 2703 2885 Raniis.

1170 2922 1354 2969 parum
1388 2911 1518 2955 enim
1549 2908 1799 2968 probabile
1833 2913 1902 2955 est
1926 2913 2106 2968 septem
2125 2910 2331 2968 populos
2359 2909 2470 2955 illos
2495 2907 2582 2955 sub
2607 2920 2709 2955 uno

1174 2992 1285 3037 reqe
1320 2975 1497 3039 fuisse,
1537 2991 1625 3024 nec
1659 2980 1818 3036 mayis
1852 2976 2124 3038 probabile,
2167 2981 2211 3025 si
2246 2977 2487 3024 eiusmodi
2523 2991 2606 3023 rex
2643 2975 2707 3022 ad

1180 3045 1525 3093 Theodericum
1583 3044 1918 3105 consuyisset,
1983 3048 2085 3093 eius
2145 3050 2216 3094 rei
2267 3049 2422 3094 aliam
2483 3048 2708 3093 notitiam

1175 3116 1370 3161 nullam
1418 3119 1597 3162 extare.
1677 3114 1861 3162 Ranios
1913 3115 2025 3163 illos
2076 3114 2472 3176 Muellenhoffius
2528 3114 2711 3161 iudicat

1184 3183 1525 3230 Thrauandios
1561 3198 1659 3230 esse
1688 3184 1955 3244 Norveyiae
1989 3185 2246 3243 populum,
2286 3184 2346 3231 ab
2384 3197 2528 3245 eoque
2560 3184 2710 3244 profi-

1175 3255 1289 3299 cisci
1326 3266 1449 3313 quae
1485 3252 1544 3299 de
1579 3251 1797 3300 Scandia
1844 3252 1993 3312 refert
2040 3253 2274 3301 Iordanes
2322 3268 2376 3301 ex
2422 3256 2712 3301 narratione

1177 3320 1522 3380 indiyenarum
1540 3324 1710 3381 petita.
1764 3326 1775 3347 ⁶
1792 3321 1975 3370 Nomen
2003 3326 2173 3370 Gotica
2198 3324 2371 3382 linyua
2391 3320 2708 3373 Hrbthvulfs.

1181 3391 1528 3439 Northmannis
1581 3390 1744 3450 forma
1801 3397 2051 3439 contracta
2103 3389 2275 3440 1118111
2326 3396 2472 3440 etiam
2523 3397 2712 3453 postero

1178 3465 1387 3520 tempore
1422 3463 1791 3508 usitatissimum
1827 3458 1972 3509 erat'.
2048 3461 2462 3511 Musamuorr.

1109 3530 1348 3577 Romulus
1403 3529 1420 3577 1
1472 3539 1546 3579 10.
1584 3538 1664 3577 23.
1734 3529 1835 3577 711.
1912 3529 1969 3577 10
2000 3540 2045 3577 5.
2084 3539 2159 3578 ιο.
2198 3540 2274 3580 17.
2344 3529 2708 3579 115.15.1s.

1186 3597 1244 3645 13
1276 3605 1356 3647 28.
1400 3598 1463 3647 22
1493 3608 1574 3649 31.

1112 3666 1247 3713 Ruas
1269 3672 1483 3725 patruus
1509 3667 1723 3714 Attilae:
1755 3668 1877 3713 Roas
1910 3666 2004 3715 105
2034 3677 2082 3716 4.
2137 3667 2215 3727 (s.
2248 3669 2444 3715 Priscus
2475 3673 2538 3726 (c.
2571 3667 2708 3727 adn.)

1178 3741 1223 3784 et
1266 3736 1383 3784 Tiro
1423 3731 1632 3794 Prosper
1666 3735 1731 3782 ad
1765 3752 1817 3785 a.
1846 3738 1980 3785 433.-
2022 3737 2362 3797 (Chunnorum
2399 3740 2556 3796 genti}
2598 3745 2716 3783 tunc

1183 3805 1362 3863 Rugila
1396 3810 1623 3865 praeerat
1658 3809 1702 3852 et
1727 3805 1793 3851 ad
1819 3820 1867 3853 a.
1899 3808 2028 3853 434:
2071 3806 2250 3866 Rugila
2274 3821 2363 3853 rex
2390 3807 2714 3855 Chunnorum

1232 3909 1242 3919 .
1275 3910 1288 3923 .
1330 3874 1554 3932 moritur,
1598 3875 1677 3920 cui
1717 3874 1870 3921 Bleda
1906 3874 2141 3923 succedit.
2221 3877 2438 3923 Valesius
2471 3881 2717 3936 praeterea

1182 3946 1487 4003 comparavit
1536 3957 1658 4003 quae
1706 3948 1880 3991 narrat
1928 3943 2149 3992 Socrates
2196 3946 2305 3992 hist.
2357 3948 2471 3992 eccl.
2528 3944 2574 4004 7,
2617 3945 2710 3992 43:

1183 4007 1310 4078 μετὰ
1345 4009 1438 4078 τὴν
1474 4014 1563 4061 τοῦ
1599 4028 1656 4061 τυ
1692 4009 1841 4061 σίννου
1886 4013 2159 4072 (Iohannis)
2204 4011 2454 4080 ἀναίρεσιν
2501 4017 2560 4067 (a.
2595 4015 2712 4070 4⁶25}

1183 4078 1229 4129 οἱ
1258 4076 1502 4148 βάρβαροι
1538 4077 1624 4136 οὒς
1677 4083 1846 4136 κεῖνος
1872 4080 1997 4147 πρὸς
2053 4079 2262 4148 οήθειαν
2288 4078 2714 4149 κατὰ’1)ωμαίων

1183 4146 1419 4199 ἐκάλεσεν
1446 4145 1639 4216 ἕτοιμοι
1662 4147 1789 4216 ἦσαν
1815 4166 2005 4216 κατατρ
2036 4167 2145 4220 ’χειν
2169 4149 2233 4201 τὰ
2252 4145 2528 4217 Ῥωμαίων
2555 4149 2717 4218 πράγ-

1185 4234 1319 4283 ματα
1358 4256 1549 4268 .....
1596 4217 1805 4286 θνήσκει
1842 4218 1934 4284 μὲν
1972 4212 2140 4269 αὐτῶν
2180 4219 2206 4270 ὁ
2246 4217 2457 4290 ἔξαργος
2487 4210 2529 4286 ᾧ
2555 4217 2715 4285 ὄνομα

1181 4284 1244 4352 ἧν
1275 4282 1497 4355 ‘Poe-m
1536 4285 1743 4355 βληθεὶς
1778 4289 2025 4355 κεραυνῷ.
2388 4283 2398 4290 ’

1114 4356 1330 4405 Rufinus
1362 4360 1601 4418 patricius
1639 4358 1694 4405 41
1732 4367 1777 4406 5.
1812 4367 1834 4405 7
1847 4396 1856 4405 .

1116 4426 1329 4473 Rufinus
1365 4426 1467 4474 dux
1504 4426 1592 4473 sub
1630 4428 1893 4474 Anastasio
1942 4433 1985 4473 et
2024 4428 2305 4475 Iustiniana
2343 4427 2407 4475 46
2436 4435 2516 4475 22,
2571 4427 2636 4474 -18
2672 4435 2712 4474 1.

1188 4494 1269 4554 Cf.
1312 4494 1631 4542 Marcellinus
1667 4496 1731 4541 ad
1768 4512 1818 4543 a.
1859 4499 1994 4552 516,·
2034 4497 2244 4544 Hermae
2280 4499 2374 4545 vol.
2418 4495 2449 4544 6
2481 4512 2534 4556 p.
2578 4495 2695 4544 355.

1117 4633 1451 4681 Sabinianus:
1492 4633 1795 4682 Savinianus
1829 4633 1893 4681 46
1930 4642 2003 4682 12.
2053 4632 2145 4681 135
2176 4647 2223 4683 s,
2260 4643 2338 4683 17.
2394 4635 2477 4692 Cf.
2510 4634 2712 4682 Mund0.

1117 4702 1337 4750 Sabinus
1372 4719 1419 4749 v.
1460 4702 1669 4764 Oppius.

1118 4771 1344 4818 Saddoch
1381 4770 1412 4818 6
1445 4780 1521 4819 14.

1119 4838 1286 4886 Saitae
1321 4842 1521 4900 reyulus
1571 4841 1939 4899 Veseyotharum
1976 4841 2039 4890 93
2071 4851 2114 4890 3.
2158 4842 2221 4889 95
2253 4851 2299 4889 7.

1123 4909 1236 4956 Sala
1271 4908 1302 4956 4
1332 4919 1379 4956 3.
1411 4918 1460 4957 «1.

1121 4978 1290 5026 Salina
1324 4995 1373 5026 v.
1414 4979 1715 5026 Alexandra.

1123 5046 1365 5094 Salinator
1402 5063 1448 5096 v.
1492 5049 1683 5094 Livius.

1124 5116 1458 5163 Salmanassar
1496 5116 1521 5162 7
1557 5126 1633 5164 17.

1123 5184 1351 5234 Salomon
1390 5185 1757 5234 612.11.1s.
1802 5185 1942 5234 811.

1122 5253 1329 5301 Samson
1369 5253 1399 5301 6
1435 5263 1456 5301 7
1470 5292 1480 5302 .

1125 5323 1438 5382 Ssngibanus
1488 5323 1853 5382 (Sanguibanus
1910 5323 2113 5383 10911)
2167 5337 2244 5370 rex
2294 5325 2573 5371 Atanorum
2628 5323 2721 5371 108

1201 5401 1274 5439 111.
1314 5400 1391 5439 19.
1453 5392 1657 5440 10911.
1738 5391 1820 5450 Cf.
1868 5392 2073 5451 I’rosper
2115 5393 2228 5439 Tiro
2264 5393 2329 5438 ad
2365 5408 2414 5440 a.
2458 5397 2588 5438 440.-
2633 5394 2719 5440 de-

1193 5467 1324 5508 serta
1364 5462 1660 5508 Valentinae
1699 5462 1837 5508 urbis
1875 5474 1990 5508 rura
2038 5462 2227 5520 Alanis,
2270 5463 2455 5521 quibus
2495 5463 2720 5508 Sambida

1193 5536 1429 5590 praeerat,
1473 5530 1729 5591 partienda
1766 5529 2046 5578 traduntur.

1124 5596 1274 5659 Sapor
1310 5599 1487 5648 3715.
1530 5597 1704 5647 3918.
1747 5598 1923 5646 86111.
2747 5601 2751 5654 ι

1125 5665 1473 5714 Sardanasalus
1506 5667 1921 5727 {Sardanaphalus
1951 5665 2013 5714 86
2039 5669 2080 5724 7}
2115 5667 2142 5714 4
2176 5674 2254 5717 23.
2298 5668 2328 5715 6
2352 5677 2431 5715 25.
2462 5676 2540 5716 211.
2585 5669 2648 5716 St}
2674 5677 2718 5716 7.

1128 5735 1280 5784 Surus
1321 5736 1586 5784 Gothorum
1635 5751 1716 5785 rea:
1762 5734 1820 5784 41
1858 5744 1939 5784 20.
2014 5735 2093 5794 Cf.
2141 5737 2517 5800 olympiodorus
2551 5739 2650 5785 vol.
2692 5741 2718 5784 4

2286 439 2329 492 I.
2374 438 2613 494 INDEX
2651 436 3171 493 PERSONARVM.

2817 645 2867 690 p.
2913 630 2977 678 58
3029 629 3236 679 Muell..·
3291 625 3456 695 Σάρον
3503 626 3587 677 καὶ
3643 624 3792 677 αὑτὸν
3848 621 4041 675 Γότθον
4096 622 4215 674 ὄντα
4267 620 4356 674 καὶ

2822 695 3057 766 πλήθους
3095 696 3186 763 μὲν
3225 694 3397 764 ὀλίγου
3448 694 3547 747 ἐπά
3577 711 3736 764 χοντα
3778 693 3911 765 (ἄχρι
3980 692 4040 763 ap
4084 691 4354 744 διακοσίων

2819 764 2854 833 ἢ
2893 766 2979 817 καὶ
3012 764 3311 834 τριακοσίων
3346 762 3372 815 ὁ
3396 762 3517 823 λαὸς
3572 761 3850 825 ξετείνετο),
3893 761 3958 814 ἄλ
3993 781 4065 820 ως
4101 761 4157 813 δὲ
4191 759 4354 831 ἡρωϊ-

2819 834 2911 886 κόν
2946 852 3057 887 τινα
3093 835 3180 886 καὶ
3219 833 3269 886 ἐν
3297 833 3371 901 μοί
3394 851 3488 903 ἀις
3512 834 3916 919 ἀκαταῖώνιστον
3958 871 3969 882 .
4001 870 4012 882 .
4049 870 4062 881 .
4099 827 4354 899 Ῥωμαῖοι

2820 902 3139 973 ἡταιρίσαντο
3190 900 3256 953 δι’
3306 902 3368 973 ἔχ
3408 921 3497 971 ρας
3537 900 3787 972 Ἀλαριχῳ
3836 899 3973 953 ὄντα.
4051 903 4219 951 stater
4253 905 4357 950 eius

2822 976 3076 1035 Severicus
3106 980 3218 1035 post
3255 974 3524 1034 Ataulfum
3559 991 3605 1023 a.
3640 976 3740 1021 415
3776 986 3857 1020 reae
3893 977 4083 1020 creatus
4118 977 4184 1019 est
4221 972 4357 1017 Vese-

2820 1045 3079 1103 9otharum
3119 1044 3522 1105 (olympiodorus
3558 1043 3628 1103 fr.
3659 1042 3724 1091 26
3761 1044 3857 1090 vol.
3888 1042 3918 1089 4
3951 1058 4004 1102 p.
4036 1040 4101 1089 62
4134 1040 4350 1097 Muetm.

2755 1115 2905 1162 88188
2943 1114 3248 1162 Rosomonus
3286 1112 3345 1162 91
3385 1123 3462 1162 17.
3543 1114 3746 1162 ‘Sarum
3784 1116 3830 1158 et
3867 1112 4135 1169 Amulium,
4177 1109 4357 1168 fratres

2823 1182 3066 1231 Sunildae
3118 1185 3217 1230 sive
3270 1182 3571 1230 Svanhildae
3631 1197 3661 1228 a
3722 1180 4067 1227 Northmannis
4126 1179 4251 1243 89111
4313 1181 4357 1224 et

2825 1246 3037 1301 Hamdir
3077 1250 3378 1313 (1181811181),
3430 1268 3462 1299 a
3504 1252 3767 1298 Theotiscis
3816 1249 3988 1297 Sarulo
4023 1253 4071 1297 et
4109 1248 4356 1295 Hamadeo

2830 1321 3007 1381 (Serilo
3044 1327 3088 1369 et
3124 1322 3382 1381 Hamedie)
3426 1321 3611 1379 dictos,
3663 1335 3694 1365 a
3738 1319 3905 1365 Gothis
3936 1320 4126 1377 pariter
4169 1316 4357 1364 Sarvila

2823 1394 2869 1436 et
2905 1390 3204 1437 Hamathius
3240 1396 3434 1437 vocatos
3470 1404 3569 1437 esse
3612 1388 3828 1449 putabis.
3905 1400 4053 1447 neque
4097 1385 4357 1446 simplicis-

2821 1461 2943 1506 sima
2976 1461 3155 1519 prioris
3190 1462 3409 1507 nominis
3454 1459 3618 1518 forma
3666 1473 3696 1504 a
3743 1457 4049 1503 deminutiva
4093 1455 4170 1502 vel
4205 1455 4359 1516 hypa-

2821 1531 3042 1575 coristica
3078 1532 3132 1575 in
3166 1528 3262 1575 -ila
3298 1528 3518 1575 derivata
3553 1539 3848 1586 maynopere
3883 1524 4076 1587 differt,
4116 1524 4196 1572 sed
4238 1537 4360 1584 quae

2824 1595 2992 1644 Gotice
3045 1602 3150 1644 erat
3198 1599 3301 1644 sine
3346 1596 3492 1645 dubio
3541 1597 3687 1645 Sarvs
3738 1598 3856 1654 (non
3902 1592 4125 1653 Servus),
4185 1592 4357 1640 Latine

2822 1669 3102 1714 accuratius
3164 1666 3346 1714 Sarvus
3405 1664 3544 1714 reddi
3597 1669 3808 1724 poterat.
3883 1665 3984 1709 iam
4043 1676 4153 1710 vero
4211 1665 4360 1709 etiam

2831 1735 3012 1781 Gothus
3073 1735 3276 1797 quidam
3334 1734 3395 1782 ab
3453 1733 3794 1795 Olympiodoro
3851 1726 4016 1798 Σάρος
4074 1730 4257 1778 dicitur
4315 1736 4360 1777 et

2824 1806 3054 1851 Ammius
3086 1805 3308 1864 profecto
3343 1809 3449 1851 tam
3494 1805 3632 1861 lonye
3680 1802 3740 1849 ab
3779 1801 4074 1848 llamathius
4121 1800 4360 1848 vocabula

2825 1872 3024 1931 recedit,
3063 1878 3121 1920 ut
3145 1873 3360 1921 Graecus
3395 1874 3551 1932 homo,
3592 1887 3694 1919 non
3721 1871 3970 1917 Romanus
4007 1869 4123 1916 haec
4144 1872 4360 1929 primum

2826 1943 2998 1990 litteris
3035 1942 3295 1991 mandasse
3331 1941 3598 1990 videatur’.
3673 1942 4096 1989 Munnnssunorr.

2759 2012 3058 2059 Saturninus
3096 2015 3211 2071 imp.
3254 2028 3302 2059 v.
3340 2028 3391 2072 p.
3439 2009 3553 2059 140.

2758 2082 3004 2129 Saturnus
3042 2082 3071 2129 5
3103 2090 3186 2131 31.
3221 2080 3251 2129 6
3283 2091 3329 2130 5.

2761 2151 2881 2197 Saul
2919 2150 2948 2197 6
2982 2159 3059 2199 10.

2761 2220 2992 2267 Scaevola
3026 2235 3073 2268 v.
3117 2220 3336 2267 Mucius.

2762 2289 2930 2349 Scipio
2968 2288 3030 2336 23
3061 2297 3143 2337 26.
3175 2296 3256 2337 28.
3316 2287 3490 2335 2513.
3551 2284 3616 2333 26
3645 2296 3692 2332 8.
3731 2293 3807 2332 111.
3841 2292 3920 2332 20.
3982 2282 4044 2332 27
4075 2291 4124 2332 4.
4183 2282 4248 2329 29
4277 2291 4358 2337 25,

2828 2358 2892 2405 55
2928 2366 3004 2406 1³.
3052 2357 3147 2405 116
3177 2366 3257 2405 21.
3322 2355 3406 2415 Cf.
3447 2355 3551 2403 ind.
3593 2356 3829 2401 cocorum.

2760 2428 2849 2475 Cn.
2894 2426 3060 2488 Scipio
3097 2426 3161 2474 25
3193 2435 3240 2475 S.

2763 2496 2814 2544 P.
2861 2494 3027 2558 Scipio
3063 2495 3128 2544 25
3159 2506 3206 2544 8.

2761 2566 2924 2626 Scipio
2961 2566 3231 2612 Africanus
3270 2563 3334 2610 29
3364 2571 3445 2613 25.

2763 2634 2930 2694 Scipio
2967 2636 3133 2682 iunior
3169 2632 3230 2681 27
3264 2642 3309 2681 6.

2761 2703 2926 2764 Scipio
2961 2720 3010 2750 v.
3053 2703 3333 2751 Cornelius.

2762 2774 2941 2833 Scopas
2979 2770 3009 2819 9
3040 2781 3085 2822 5.
3119 2782 3163 2819 6.

2764 2840 3091 2888 Sebastianus
3126 2845 3391 2900 usurpator
3425 2857 3472 2888 υ.
3510 2855 3560 2899 p.
3608 2838 3721 2886 141.

2762 2911 3025 2969 Segericus
3062 2924 3144 2956 rea:
3192 2909 3561 2969 Veseyotharum
3597 2925 3644 2957 v.
3685 2922 3735 2966 p.
3786 2906 3896 2953 145.

2763 2979 2953 3027 Sellum
2992 2979 3023 3028 6
3052 2988 3132 3027 32.

2764 3050 2877 3096 Sem
2914 3047 2946 3095 4
2981 3056 3021 3096 1.

2767 3118 3050 3165 Semiramis
3086 3115 3116 3164 4
3147 3124 3228 3167 27.
3261 3123 3342 3165 29.

2768 3187 3093 3246 Sempronius
3133 3186 3381 3232 Gracchus
3408 3183 3472 3232 24
3501 3194 3580 3233 35.
3638 3183 3964 3243 Sempronius
4001 3180 4065 3229 20
4096 3192 4142 3229 3.
4185 3179 4248 3228 23
4279 3188 4361 3228 311.

2834 3255 3084 3302 Gracchus
3122 3254 3186 3301 25
3218 3264 3264 3302 5.

2766 3326 2973 3373 Senator
3015 3323 3352 3371 Cassiodorius
3389 3322 3452 3369 53
3483 3331 3528 3368 11.

2768 3395 2973 3454 Sergius
3017 3395 3140 3455 (vere
3179 3394 3387 3453 Hirtius)
3441 3393 3572 3441 141³.

2767 3464 2954 3511 Seruch
2994 3461 3024 3510 4
3061 3473 3134 3512 10.
3174 3471 3247 3510 11.

2767 3533 2974 3580 Servius
3009 3548 3057 3579 v.
3101 3532 3315 3579 Tullius.

2769 3601 3013 3649 Servilius
3056 3600 3120 3649 28
3150 3609 3231 3649 27.

2771 3671 3012 3718 Servilius
3049 3671 3299 3717 Isauricus
3336 3669 3626 3729 Cilicasque
3663 3667 3728 3715 20
3758 3677 3817 3714 30
3846 3667 3933 3715 bis.

2772 3739 2891 3786 Seth
2929 3739 2958 3786 3
2995 3748 3071 3787 15.
3108 3749 3182 3787 16.

2771 3810 2950 3856 Severa
2984 3823 3109 3854 uxor
3157 3808 3493 3856 Valentiniani
3533 3808 3557 3852 1
3593 3823 3641 3852 υ.
3680 3820 3732 3865 p.
3780 3803 3891 3852 140.

2771 3879 3068 3925 Severianus
3106 3880 3225 3935 imp.
3267 3893 3310 3922 υ.
3347 3892 3402 3936 p.
3451 3875 3534 3922 141
3589 3877 3860 3936 (Severus).

2771 3950 2981 3994 Severus
3021 3948 3063 3993 Ι.
3108 3947 3165 3991 11
3201 3949 3352 4004 impp.
3391 3960 3439 3995 v.
3475 3960 3526 4005 p.
3576 3945 3691 3993 140.
3737 3940 3851 3990 141.

2772 4017 3020 4075 Sigericus
3057 4028 3137 4061 reu:
3185 4014 3553 4073 Veseyotharum
3588 4031 3635 4061 υ.
3674 4028 3726 4073 p.
3776 4011 3888 4059 145.

2770 4085 3123 4144 sigismundus
3172 4097 3254 4129 rea:
3289 4083 3700 4145 Buryundionum
3742 4097 3791 4132 a.
3835 4079 4104 4129 516—523
4160 4077 4253 4125 134
4291 4086 4366 4127 19.

2770 4155 2918 4201 Silvii
2954 4153 2984 4202 6
3013 4161 3060 4202 2.
3103 4153 3130 4199 ‘t'
3168 4161 3208 4199 1.

2772 4223 3026 4272 sinderith
3054 4221 3117 4269 48
3147 4229 3228 4271 20.
3276 4219 3367 4268 137
3399 4232 3445 4268 15.
3509 4220 3787 4267 Deditionis
3811 4218 4169 4279 Syracusarum
4193 4231 4237 4261 a.
4272 4215 4372 4263 536

2837 4293 3162 4338 meminerunt
3209 4290 3479 4348 Procopius
3522 4290 3564 4336 b.
3614 4289 3755 4337 (ioth.
3802 4287 3847 4346 1,
3878 4287 3906 4334 5
3956 4290 4002 4336 et
4053 4285 4373 4333 Marcellinus

2839 4360 2906 4406 ad
2940 4373 3051 4406 eum
3087 4374 3156 4418 a.,
3199 4358 3340 4405 ducis
3384 4358 3653 4406 Gothorum
3686 4371 3864 4404 namen
3898 4369 4000 4404 non
4030 4358 4244 4416 ponunt.

2771 4429 2940 4476 8118811
2980 4426 3010 4474 9
3044 4437 3084 4475 1.
3802 4474 3810 4482 ,

2772 4498 3010 4544 Sitalces:
3060 4496 3307 4544 Sithalcus
3359 4496 3421 4542 73
3452 4506 3496 4542 9.
3575 4496 3723 4542 Anno
3770 4509 3819 4542 a.
3867 4493 3978 4540 Chr.
4021 4495 4121 4540 4:29
4169 4492 4374 4540 Sitalces

2838 4580 2922 4613 rex
2964 4565 3269 4626 Odrysarum
3316 4563 3511 4622 foedere
3559 4566 3680 4612 inito
3728 4576 3840 4609 cum
3876 4561 4254 4610 Atheniensibus
4288 4574 4372 4606 es:-

2834 4634 3135 4694 peditionem
3180 4636 3381 4693 suscipit
3427 4633 3661 4680 adversus
3706 4645 3867 4692 reyem
3905 4630 4220 4678 Macedoniae
4256 4629 4373 4676 Per-

2839 4704 3024 4751 diccam
3053 4704 3108 4749 11
3142 4705 3497 4763 exercitumque
3533 4705 3587 4749 in
3621 4716 3731 4748 eum
3765 4702 3895 4746 misit
3929 4699 4009 4746 CL
4033 4701 4225 4746 milium
4256 4712 4379 4747 auc-

2840 4778 2938 4820 tore
2997 4771 3272 4833 Thucydide
3309 4770 3357 4830 2,
3388 4770 3480 4819 98:
3533 4769 3590 4820 τὸ
3640 4772 3736 4819 πᾶν
3786 4767 3988 4836 πλῆθος
4036 4764 4235 4833 λέγεται
4279 4764 4376 4817 οὐκ

2842 4838 3053 4891 ἔλασσον
3082 4837 3444 4890 πεντεκαίδεκα
3469 4836 3724 4907 μυρίαδων
3751 4835 3984 4906 γενέσθαι
4007 4836 4094 4887 καὶ
4116 4833 4296 4887 τούτου
4317 4834 4375 4885 τὸ

2843 4910 2936 4975 μὲν
2973 4907 3127 4960 πλέον
3154 4908 3303 4967 πεζὸν
3326 4906 3408 4975 ἦν,
3438 4906 3762 4975 τριτημόριον
3789 4905 3846 4956 δὲ
3882 4903 4101 4972 μάλιστα
4139 4903 4342 4955 ἱππικόν
4360 4919 4371 4929 ·

2841 4982 2932 5029 τοῦ
2971 4971 3017 5028 δ’
3057 4977 3264 5027 ἱππικοῦ
3300 4978 3356 5027 τὸ
3382 4974 3618 5027 πλεῖστον
3647 4973 3787 5027 αὐτοὶ
3811 4972 4048 5042 Ὀδρύσαι
4072 4972 4376 5044 παρείχοντο

2843 5048 2930 5098 καὶ
2981 5043 3087 5113 μετ’
3136 5044 3317 5102 αὐτοὺς
3368 5043 3532 5097 Γέται.
3615 5047 3851 5093 Getarum
3905 5048 4020 5092 item
4079 5042 4376 5105 Thucydides

2843 5133 2883 5165 c.
2937 5117 3001 5165 96
3051 5120 3276 5165 meminit
3319 5120 3421 5164 sie:
3470 5113 3730 5183 ἀνίστησεν
3787 5153 3841 5164 ..
3879 5153 3889 5162 .
3941 5111 4058 5168 τοὺς
4106 5110 4201 5163 ὺπε
4237 5110 4378 5180 βάντι

2847 5182 3011 5253 Αἶμον
3050 5180 3207 5241 Γέτας
3253 5182 3342 5234 καὶ
3389 5183 3481 5235 ὅσα
3528 5181 3661 5235 ἄλλα
3705 5182 3835 5251 μέρη
3882 5181 4021 5238 ἐντὸς
4057 5185 4148 5232 τοῦ
4177 5171 4196 5191 ”
4226 5196 4375 5247 στρου

2846 5257 3077 5320 ποταμοῦ
3127 5253 3251 5320 πρὸς
3301 5251 3559 5304 θάλασσαν
3613 5251 3806 5318 μᾶλλον
3860 5249 3952 5318 τὴν
4001 5254 4091 5301 τοῦ
4139 5246 4375 5308 Εὐξείνου

2844 5321 3029 5374 πόντου
3060 5314 3370 5389 τιατ-ᾤκητο·
3403 5321 3498 5372 εἰσὶ
3525 5319 3574 5372 δ’
3606 5321 3654 5371 οἱ
3674 5319 3821 5373 Γέται
3840 5321 3925 5371 καὶ
3955 5319 4003 5370 oi
4021 5317 4179 5391 ταύτῃ
4201 5315 4379 5388 ὄμοροί

2843 5408 2896 5442 τε
2932 5397 3041 5449 τοῖς
3079 5388 3301 5448 Σκύθαις
3347 5390 3434 5442 καὶ
3483 5390 3756 5458 eudemum
3803 5389 3985 5446 πάντες
4035 5386 4372 5446 ἱπποτοξόται.

2845 5463 2960 5510 haec
2995 5477 3098 5509 non
3133 5464 3322 5523 afuisse
3358 5478 3390 5508 a
3432 5465 3608 5509 Geticis
3637 5462 3810 5509 Dionis
3839 5460 4162 5522 Chrysostomi
4194 5458 4375 5518 proba-

2845 5533 2938 5579 bile
2975 5537 3044 5579 est
3080 5531 3286 5592 indeque
3322 5535 3526 5591 repetita
3561 5546 3662 5579 esse
3694 5547 3724 5578 a
3757 5528 4083 5588 Cassiodorio,
4122 5533 4176 5577 ut
4214 5535 4379 5577 tamen

2846 5602 2974 5647 male
3035 5603 3303 5648 intruderet
3374 5600 3656 5647 Perdiccam
3727 5613 4047 5647 successorem
4107 5598 4377 5645 Mea-andri

2844 5672 3014 5728 mayni
3049 5675 3095 5716 et
3130 5673 3200 5717 ita
3237 5669 3590 5729 quodammodo
3628 5669 4002 5716 Atheniensibus
4037 5670 4371 5727 imperantem,

2848 5753 3058 5801 quorum
3088 5745 3344 5800 propterea
3373 5744 3539 5799 partes
3577 5741 3629 5786 in
3665 5738 3785 5786 bella
3823 5741 3910 5787 illo
3947 5739 4160 5784 invertit.
