4882 6775
1083 474 1239 538 XIV
2474 472 2935 528 PRooEmVM.

1084 696 1399 780 Vigilium
1446 716 1621 777 611111,
1688 695 1788 760 0111
1835 695 2142 761 Iordanes
2189 697 2478 760 Romana
2520 696 2882 783 inscripsit,
2951 697 3152 762 fuisse
3213 719 3447 783 papam
3507 692 3646 764 eius
3706 700 3979 764 nominis
4023 720 4086 764 a.
4141 702 4352 762 538-

990 820 998 827 ’
1088 822 1236 881 555.
1325 838 1474 882 nam
1520 823 1808 900 tempora
1851 823 2022 881 recte
2070 817 2455 882 conveniunt
2498 824 2834 902 potestque
2881 816 3036 882 addi
3082 825 3146 882 et
3175 818 3481 901 Vigilium
3527 840 3567 884 a
3611 819 3902 904 partibus
3949 818 4351 905 imperatoris

712 2367 873 2407 Libelli
904 2368 1064 2418 scripti

917 2433 958 2461 a.
988 2422 1057 2461 551

1090 945 1310 1003 contra
1354 937 1598 1001 Gothos
1644 924 1900 1001 stetisse
1948 944 2011 1001 et
2055 957 2254 1001 annos
2288 941 2627 1000 547—554
2673 930 3221 1021 Constantinopoli
3268 940 3569 1022 exegisse
3613 940 3695 1004 ab
3743 939 4126 1024 imperatore
4156 960 4352 1025 prop-

1086 1064 1186 1124 ter
1242 1058 1704 1123 controversias
1765 1056 1845 1121 de
1905 1057 2110 1121 tribus
2170 1058 2471 1142 capitulis
2530 1078 2699 1140 quae
2760 1057 3058 1123 dicuntur
3101 1078 3180 1123 eo
3226 1066 3580 1124 evocatum.
3675 1059 3827 1125 item
3876 1061 4148 1125 fortasse
4193 1059 4350 1125 addi

1087 1185 1298 1263 potest
1341 1177 1510 1262 quod
1558 1197 1750 1262 supra
1794 1177 2072 1242 vidimus
2119 1178 2505 1259 Castalium,
2575 1178 2673 1244 cui
2722 1179 2946 1244 Getica
2988 1178 3296 1244 Iordanes
3341 1174 3700 1264 inscripsit,
3767 1180 3973 1264 ipsius
4020 1187 4085 1245 et
4125 1179 4350 1261 Vigilii

1095 1303 1529 1364 ‘communem
1577 1298 1880 1363 amicum‘
1928 1298 2170 1394 vixisse
2216 1299 2283 1362 in
2329 1300 2486 1364 locis
2531 1299 2709 1382 genti
2756 1299 3108 1364 Gothorum
3154 1296 3414 1382 vicinis,
3475 1299 3546 1364 id
3591 1300 3760 1383 quod
3806 1302 4046 1365 Romae
4094 1300 4355 1382 degenti

1087 1427 1307 1504 aptum
1370 1427 1470 1484 est
1486 1422 1587 1500 25).
1686 1418 1800 1483 sed
1860 1439 1988 1482 11011
2048 1420 2186 1483 sine
2244 1419 2415 1484 iusta
2461 1440 2658 1485 causa
2702 1417 2975 1484 Adolfus
3022 1420 3218 1485 Ebert
3236 1423 3307 1502 26)
3377 1420 3619 1485 monuit
3663 1441 3887 1504 parum
3934 1427 4083 1504 apte
4129 1440 4353 1485 mona-

1089 1541 1314 1622 chum,
1380 1540 1592 1622 qualis
1639 1539 1760 1604 fuit
1801 1539 2149 1619 Iordanes,
2217 1561 2456 1624 papam
2501 1540 2811 1623 Vigilium
2857 1560 2983 1604 non
3029 1540 3237 1604 solum
3285 1540 3547 1623 adloqui
3592 1547 3916 1623 tamquam
3962 1560 4182 1625 parem
4230 1539 4352 1604 sibi

1091 1661 1228 1725 sine
1275 1661 1411 1725 ulla
1455 1660 1780 1745 splendidi
1827 1659 2020 1731 officii
2070 1650 2560 1742 significatione,
2615 1661 2732 1725 sed
2778 1660 2970 1726 etiam
3015 1659 3284 1740 hortari,
3341 1668 3412 1726 ut
3454 1661 3675 1725 relicto
3722 1660 3982 1725 saeculo
4029 1660 4115 1725 ad
4162 1661 4351 1726 deum

1093 1800 1163 1847 se
1210 1788 1563 1863 convertat,
1632 1781 1699 1846 id
1746 1789 1845 1845 est
1889 1781 1975 1844 ad
2019 1781 2384 1864 exemplum
2446 1781 2721 1846 auctoris
2775 1787 2839 1846 et
2890 1780 3028 1865 ipse
3089 1781 3441 1847 monachus
3500 1781 3647 1864 fiat,
3716 1801 3907 1864 sane,
3978 1780 4033 1845 si
4079 1800 4254 1865 papa
4298 1782 4355 1843 is

1091 1901 1234 1986 fuit,
1288 1902 1713 1967 subabsurde.
1792 1901 2047 1966 omnino
2093 1901 2211 1964 hoc
2264 1889 2516 1983 duoque
2561 1901 2892 1966 inventum
2937 1908 3006 1966 ut
3052 1921 3132 1965 ex
3179 1921 3254 1966 eo
3299 1921 3538 1984 genere
3583 1908 3699 1982 est,
3753 1901 3925 1985 quod
3968 1901 4208 1966 tirones
4239 1899 4360 1964 ad-

1091 2023 1433 2104 mirantur,
1504 2023 1595 2088 ita
1656 2023 1788 2087 acri
1847 2029 1913 2087 et
1969 2029 2232 2105 experto
2294 2020 2491 2086 iudici
2549 2011 2953 2105 nequaquam
3014 2021 3268 2106 probari
3329 2022 3593 2106 poterit,
3656 2021 3850 2086 immo
3913 2021 4083 2104 quod
4127 2041 4354 2106 parum

1091 2144 1353 2228 Latine,
1420 2144 1536 2209 sed
1580 2163 1647 2207 re
1694 2143 1931 2227 optime
1979 2142 2209 2207 dicitur
2254 2163 2295 2206 a
2341 2161 2532 2224 posse
2578 2142 2663 2207 ad
2720 2161 2863 2207 esse
2920 2163 3048 2207 uon
3107 2134 3324 2207 valere
3386 2141 3894 2219 conclusionem,
3962 2141 4031 2207 id
4091 2143 4147 2207 si
4204 2140 4359 2224 quid

1090 2263 1279 2329 video
1325 2263 1430 2328 hic
1475 2283 1726 2346 quoque
1772 2263 2121 2328 tenendum
2170 2269 2269 2327 est
2313 2281 2521 2344 neque
2565 2261 3033 2345 indulgendum
3084 2261 3412 2347 speciosis,
3469 2262 3584 2327 sed
3632 2269 3805 2327 certa
3850 2261 4203 2345 sequenda.

1265 2383 1403 2461 Quo
1450 2391 1731 2469 tempore
1777 2386 2205 2447 Romanorum
2252 2382 2484 2446 librum
2532 2383 2892 2466 scripserit,
2947 2384 3087 2467 ipse
3134 2383 3444 2448 Iordanes
3488 2382 3582 2448 ait
3626 2382 3691 2446 in
3737 2383 4133 2468 praefatione
4180 2402 4237 2445 c.
4290 2388 4350 2463 4,

1092 2504 1337 2569 scilicet
1397 2524 1500 2569 res
1564 2524 1634 2570 se
1692 2510 2093 2568 narraturum
2165 2503 2265 2566 ‘in
2328 2502 2700 2567 vicesimum
2762 2511 3055 2586 quartum
3113 2524 3351 2568 annum
3397 2502 3738 2569 Iustiniani
3797 2502 4231 2587 imperatoris'
4293 2508 4359 2566 et

1093 2624 1302 2690 denuo
1336 2645 1389 2689 c.
1431 2628 1594 2689 363:
1653 2624 2082 2697 ‘Iustinianus
2128 2622 2471 2707 imperator
2514 2630 2744 2706 regnat
2783 2623 2916 2688 iam
2962 2645 3111 2688 ann.
3164 2626 3420 2705 xxml'.
3476 2622 3585 2707 qui
3633 2631 3731 2689 est
3776 2643 3982 2688 annus
4019 2644 4060 2687 a
4091 2624 4159 2687 k.
4195 2622 4350 2706 Apr.

1096 2766 1157 2809 a.
1197 2751 1311 2808 551
1366 2744 1683 2830 incipiens
1701 2746 1806 2828 2“’”).
1901 2750 1964 2808 et
2008 2764 2157 2808 vere
2202 2750 2498 2809 narratur
2541 2765 2710 2810 mors
2757 2743 3099 2825 Germani,
3155 2765 3321 2827 quae
3366 2743 3585 2809 evenit
3640 2750 3943 2809 autumno
3989 2764 4049 2807 a.
4105 2746 4229 2806 550
4250 2746 4352 2827 2⁵⁴),

1094 2866 1424 2948 filiumque
1469 2887 1550 2931 ex
1597 2886 1671 2929 eo
1717 2871 2079 2948 postumum
2126 2871 2344 2929 natum
2392 2885 2538 2930 esse
2594 2872 2667 2941 (c.
2725 2867 2914 2949 383),
2981 2864 3133 2931 item
3194 2864 3590 2930 incursiones
3651 2864 4129 2947 ‘quotidianae’
4177 2864 4359 2928 Scla-

1096 2970 1398 3053 venorum
1444 2994 1510 3052 et
1554 2987 1896 3069 Antarum,
1965 2985 2214 3051 scilicet
2264 2985 2593 3070 expeditio
2639 2986 2720 3050 ab
2765 2985 2847 3050 iis
2893 3006 2953 3050 a.
3009 2991 3132 3049 550
3178 2986 3244 3050 111
3290 2984 3629 3050 Thraciam
3679 2987 4108 3071 susceptam),
4176 2983 4362 3049 deni-

1094 3128 1218 3190 que
1274 3110 1349 3191 (c.
1403 3111 1547 3172 386.
1603 3110 1745 3190 387)
1803 3106 2066 3172 victoria
2112 3106 2677 3189 Langobardorum
2725 3106 2805 3170 116
2853 3105 3123 3191 Gepidis
3167 3127 3230 3172 a.
3283 3111 3396 3169 551
3455 3113 3777 3190 reportata
3793 3110 3908 3190 30),
3984 3113 4055 3171 111
4111 3105 4358 3171 mittam

1269 3471 1352 3533 25)
1396 3453 1690 3521 Schirreuus
1727 3474 2189 3532 adicit,Vigilium‚
2239 3475 2425 3535 quippe
2465 3474 2551 3534 qui
2592 3474 2698 3535 ipse
2735 3473 2798 3520 ad
2834 3475 3183 3534 imperatorem
3222 3475 3403 3521 scribat
3445 3474 3792 3535 (constitutum
3830 3474 3893 3521 de
3929 3475 4089 3521 tribus
4127 3473 4358 3535 capitulis

1096 3560 1174 3609 ed.
1216 3560 1382 3619 Migne
1418 3575 1470 3621 p.
1518 3559 1632 3620 104)
1690 3561 1933 3626 ‘Graecae
1970 3556 2199 3621 linguae,
2255 3562 2388 3608 sicut
2426 3561 2624 3607 cunctis
2661 3564 2711 3606 et
2748 3561 2964 3606 maxime
3001 3562 3175 3621 pietati
3212 3566 3407 3608 vestrae
3444 3566 3616 3608 notum
3652 3565 3755 3620 est,
3812 3575 3988 3608 sumus
4039 3555 4244 3622 ignari’,
4295 3560 4357 3607 de

1095 3645 1387 3696 Graecorum
1424 3647 1648 3694 historiis
1686 3648 1746 3692 ab
1782 3649 1938 3693 amico
1975 3649 2247 3695 eruditiore
2285 3648 2504 3694 voluisse
2542 3647 2751 3695 edoceri.
2811 3646 2942 3707 quod
2982 3647 3023 3692 si
3062 3647 3132 3693 ita
3168 3651 3262 3707 est,
3305 3661 3401 3694 non
3439 3649 3644 3708 penitus
3669 3649 3881 3694 amicum
3908 3649 4110 3695 novisse
4137 3647 4353 3695 videtur.

1269 3731 1353 3792 26)
1396 3730 1672 3779 Gesehichte
1710 3731 1796 3778 der
1831 3732 2195 3782 christlich-lat.
2240 3733 2511 3780 Lines-atur
2548 3734 2570 3780 I
2609 3748 2657 3795 p.
2691 3732 2809 3782 563.

1268 3817 1353 3878 27)
1394 3821 1471 3865 Ita
1507 3821 1641 3865 6111111
1679 3819 1955 3866 secundum
1994 3820 2152 3879 legem
2191 3835 2235 3867 a.
2279 3819 2375 3867 537
2421 3820 2710 3880 (Iustiniani
2751 3833 2864 3868 nov.
2907 3819 3002 3881 473
3044 3821 3107 3868 cf.
3145 3819 3261 3869 Chr.
3303 3820 3476 3868 Pasch.
3509 3820 3531 3865 1
3556 3833 3606 3880 p.
3639 3818 3736 3867 617
3775 3820 3855 3869 ed.
3885 3819 4067 3880 Bonn.)
4110 3820 4233 3866 anni
4271 3820 4355 3866 Iu-

1095 3887 1300 3952 stiniani
1339 3910 1684 3953 numerantur.

1270 3989 1353 4052 28)
1400 3991 1691 4038 Secundum
1722 3990 2013 4051 Procopium
2041 3990 2089 4053 3,
2121 3990 2205 4040 40.
2248 3991 2296 4051 4,
2327 3990 2392 4039 20
2429 4005 2559 4038 auno
2595 4005 2685 4039 xvr
2722 3992 2842 4038 belli
2869 3991 3087 4049 Gothici,
3129 3992 3178 4038 id
3218 3996 3294 4039 est
3332 3990 3450 4050 550,
3490 3989 3767 4038 Germanus
3805 3993 3901 4038 iter
3936 3992 4125 4039 faciens
4161 3992 4213 4038 in
4251 3991 4356 4039 Ita-

1092 4079 1212 4124 liam
1241 4077 1469 4125 Serdicae
1506 4079 1560 4124 in
1587 4078 1740 4125 Dacia
1776 4077 2136 4124 mediterranea
2171 4079 2232 4124 ab
2267 4079 2565 4139 imperatore
2601 4079 2879 4125 subsistere
2919 4080 3086 4125 iussus
3124 4083 3201 4124 est
3236 4084 3437 4138 propter
3473 4082 3664 4123 metum
3701 4077 4004 4125 incursionis
4042 4079 4353 4125 barbarorum

1096 4165 1678 4214 'l‘ransdanuvianorumz
1732 4164 1915 4224 quibus
1963 4163 2162 4211 domum
2211 4167 2423 4211 reversis
2474 4164 2625 4212 biduo
2674 4169 2790 4211 ante
2829 4164 2959 4211 diem
2997 4164 3166 4210 itineri
3203 4164 3256 4210 in
3294 4164 3490 4210 Italiam
3528 4163 3845 4224 suscipiendo
3882 4164 4189 4212 destinatum
4228 4164 4353 4212 Ger-

1096 4265 1276 4297 manus
1314 4252 1477 4298 morbo
1515 4255 1767 4313 correptus
1803 4251 1943 4302 obiit.
2018 4250 2172 4298 duces
2208 4257 2379 4297 autem
2415 4252 2464 4297 ei
2503 4251 2765 4320 substituti
2816 4251 3092 4297 exercitum
3132 4249 3334 4297 Salonas
3382 4250 3640 4298 duxerunt
3683 4252 3852 4311 ibique
3900 4251 4118 4296 hiemem
4169 4264 4353 4308 exege-

1096 4343 1232 4385 runt.
1312 4338 1443 4385 uude
1480 4338 1728 4397 colligitur
1758 4337 2062 4384 Germanum
2099 4337 2285 4384 obiisse
2321 4351 2451 4384 anno
2488 4338 2669 4384 maiore
2708 4351 2770 4383 ex
2808 4341 2946 4399 parte
2983 4341 3172 4397 exactO,
3217 4336 3377 4383 fllium
3415 4343 3704 4399 postumum
3741 4341 3914 4383 natum
3955 4350 4064 4384 esse
4102 4341 4190 4384 aut
4225 4349 4355 4384 anno

1098 4437 1156 4469 eo
1192 4429 1414 4471 extremo
1452 4428 1539 4470 aut
1574 4424 1786 4471 ineunte
1821 4425 2072 4485 sequenti.

1270 4509 1351 4572 29)
1398 4511 1541 4559 Rom.
1582 4516 1735 4573 extr.,
1777 4510 1890 4561 Get.
1934 4512 1982 4571 5,
2025 4511 2110 4560 37.
2162 4510 2243 4572 23,
2290 4509 2405 4558 119.
2484 4510 2805 4569 Intellegitur
2840 4511 2951 4572 ipsa
2988 4512 3075 4558 illa
3113 4511 3331 4558 incursio
3370 4509 3724 4558 Sclavenorum
3762 4515 3814 4557 et
3848 4511 4110 4570 Antarum,
4155 4516 4356 4572 propter

1097 4611 1245 4658 quam
1284 4598 1562 4645 Germanus
1600 4611 1810 4658 pergens
1849 4600 1901 4644 in
1939 4599 2134 4645 Italiam
2175 4598 2404 4646 Serdicae
2441 4599 2750 4645 substiterat.
2810 4597 3082 4659 Procopius
3118 4598 3154 4647 1.
3195 4612 3271 4645 c.:
3319 4591 3636 4664 Σκλαβηνῶν
3674 4593 3850 4662 ὅμιλος
3890 4591 4007 4652 ὅσος
4045 4592 4188 4646 οὔπω
4225 4594 4355 4662 πρό-

1096 4700 1238 4753 τερον
1288 4680 1498 4752 ἀφίκετο
1548 4681 1600 4740 ἐς
1644 4677 1922 4749 Ῥωμαίων
1971 4681 2065 4749 τὴν
2112 4687 2235 4752 γῆν,
2279 4672 2475 4751 Ἴστρον
2526 4681 2582 4732 δὲ
2632 4680 2860 4751 ποταμὸν
2899 4681 3160 4748 διαβάντες
3194 4681 3328 4751 ἀμφὶ
3367 4677 3555 4745 Νχισὸν
3592 4678 3775 4747 ἦλθον.
3852 4689 4017 4730 narrat
4051 4683 4233 4730 deinde
4271 4697 4355 4730 eos

1100 4767 1503 4818 Thessalonicam
1554 4772 1802 4832 petituros
1852 4772 2038 4830 fnisse,
2092 4772 2178 4818 sed
2228 4776 2364 4817 metu
2404 4770 2670 4830 Germani,
2723 4772 2811 4831 qui
2847 4772 2964 4818 olim
3001 4775 3170 4818 contra
3206 4771 3365 4817 Antas
3402 4784 3505 4816 rem
3543 4770 3674 4817 bene
3712 4775 3930 4830 gesserat
3974 4770 4190 4830 (Procop.
4229 4771 4349 4818 bell.

1102 4857 1249 4906 Goth.
1293 4857 1340 4914 3,
1385 4857 1503 4919 37),
1557 4860 1735 4905 omissa
1772 4858 2059 4906 Macedonia
2106 4859 2290 4905 abiisse
2340 4859 2395 4904 in
2434 4858 2735 4904 Dalmatiam
2784 4862 2890 4904 tum
2942 4871 3040 4904 non
3088 4862 3348 4919 parentem
3392 4857 3677 4918 imperatori
3715 4855 3965 4904 Orientis:
4017 4870 4131 4903 mox
4178 4858 4358 4904 nuntio

1100 4949 1301 5005 accepto
1339 4944 1401 4990 de
1439 4948 1594 4990 morte
1632 4944 1869 4992 Germani
1905 4946 2077 5005 plures
2114 4950 2333 4991 catervas
2372 4944 2661 4990 Danuvium
2701 4944 2962 4991 transiisse
2998 4957 3163 5004 neque
3200 4944 3511 5004 impediente
3547 4945 3647 4990 iam
3683 4943 3810 4988 111106
3849 4942 3933 4989 1110
3968 4942 4221 5003 tripertito
4266 4956 4356 4988 ex-

1101 5031 1258 5077 ercitu
1296 5032 1350 5077 in
1388 5029 1587 5092 Europa
1622 5032 1876 5091 provincia
1914 5046 1958 5080 a.
2003 5026 2151 5096 550s1
2198 5030 2462 5078 hiemasse.
2539 5030 2803 5090 Procopius
2839 5031 2874 5077 l.
2916 5044 2992 5080 c.:
3055 5023 3347 5096 Σκλαβηνοὶ
3394 5026 3449 5077 δὲ
3498 5025 3548 5079 οἵ
3594 5044 3648 5078 τε
3693 5025 3757 5078 τὰ
3804 5026 4027 5095 πρότερα
4075 5024 4128 5077 ἐν
4176 5027 4240 5097 γῇ
4290 5026 4354 5096 τῇ

1103 5112 1351 5182 βασιλέως
1386 5113 1646 5184 γενόμενοι
1685 5152 1698 5164 .
1730 5153 1741 5165 .
1775 5153 1786 5165 .
1826 5115 1913 5167 καὶ
1948 5113 2096 5166 ἄλλοι
2142 5114 2199 5166 οὐ
2248 5113 2426 5185 πολλῷ
2473 5113 2678 5184 ὕστερον
2718 5107 2913 5184 Ἵστρον
2959 5131 3013 5165 τε
3059 5115 3286 5183 ποταμὸν
3317 5113 3599 5182 ’διαβάντες
3644 5111 3730 5165 καὶ
3776 5118 3885 5171 τοῖς
3931 5112 4195 5182 προτέροις
4232 5112 4354 5164 ἀνα-

1103 5200 1375 5272 μιχθέντες
1411 5199 1657 5253 κατέθεον
1696 5199 1748 5253 ἐν
1785 5199 1953 5272 πολλῇ
1994 5200 2193 5270 ἐξουσίᾳ
2228 5202 2322 5270 τὴν
2355 5197 2634 5269 Ῥωμαίων
2671 5200 2838 5275 ἀρχήν
2880 5241 2891 5251 .
2926 5241 2935 5251 .
2972 5240 2983 5251 .
3026 5199 3078 5258 ἐς
3115 5200 3228 5270 τρία
3266 5200 3438 5268 μέντοι
3471 5197 3596 5267 τέλη
3636 5204 3765 5269 σφᾶς
3803 5196 3985 5256 αὐτοὺς
4023 5197 4268 5257 διελόντες
4306 5199 4354 5251 ol

1104 5286 1346 5358 βάρβαροι
1383 5284 1816 5356 οὗτοιάνήκεστα
1854 5286 1904 5338 ἐν
1944 5286 2169 5359 Εὐρώπῃ
2205 5289 2273 5360 τῇ
2312 5286 2406 5360 ὅλῃ
2449 5287 2570 5358 ἔργα
2606 5287 2932 5358 εἰργάσαντο,
2985 5287 3080 5339 οὐκ
3125 5287 3177 5348 ἐξ
3217 5286 3511 5356 ἐπιδρομῆς.
3534 5284 3826 5355 ληιζόμενοι
3861 5283 3925 5336 τὰ
3961 5285 4129 5358 ἐκείνῃ
4166 5286 4350 5357 χωρία,

1102 5371 1221 5424 ἀλλ’
1263 5375 1430 5444 ὥσπερ
1458 5369 1522 5444 ’ἐν
1560 5376 1707 5447 χώρᾳ
1744 5375 1904 5444 οἰκείᾳ
1940 5375 2351 5446 ὃιαχειμοὶζοντες
2391 5373 2536 5427 οὐδέν
2571 5393 2624 5426 τε
2663 5374 2879 5433 δεδιότες
2917 5373 3183 5442 πολέμιον.
3261 5377 3445 5424 similia
3487 5379 3748 5422 narrantur
3783 5376 3816 5423 1.
3859 5374 3891 5422 4
3928 5389 3971 5422 c.
4015 5373 4096 5422 25.
4173 5377 4227 5421 in
4266 5375 4355 5422 hac

1103 5464 1211 5526 ipsa
1247 5464 1450 5523 regione
1487 5479 1600 5512 cum
1638 5464 1868 5512 Iordanes
1904 5465 2131 5525 degeret,
2186 5466 2463 5526 explicatur
2496 5466 2599 5524 ita,
2653 5470 2711 5511 ut
2747 5478 2897 5525 supra
2933 5465 3248 5522 monuimus,
3302 5471 3403 5510 tam
3454 5463 3566 5510 eius
3603 5476 3738 5509 amor
3773 5463 3827 5508 111
3865 5461 4169 5509 Germanum
4207 5476 4355 5523 quam

1104 5566 1231 5612 quae
1269 5554 1519 5610 significat
1555 5552 1617 5600 de
1654 5566 1818 5599 rerum
1856 5557 1989 5600 statu
2029 5553 2084 5598 in
2120 5551 2537 5610 praesentiarum.

1278 5639 1360 5700 30)
1403 5629 1675 5702 Procopius
1712 5642 1760 5688 b.
1804 5640 1865 5687 G.
1906 5639 1955 5696 4,
2000 5638 2084 5688 25.
2161 5638 2382 5698 Gepidae
2420 5653 2532 5685 curn
2573 5637 2840 5685 Sclavenos
2880 5638 3165 5684 Danuvium
3203 5640 3522 5683 transeuntes
3558 5634 3884 5697 adiuvarent,
3933 5642 4131 5697 propter
4168 5637 4217 5683 id
4258 5636 4356 5684 Ro-

1106 5728 1265 5773 manis
1312 5729 1449 5774 exosi
1502 5734 1643 5774 erant
1690 5741 1790 5773 non
1839 5726 2004 5773 minus
2041 5739 2188 5785 quam
2226 5725 2449 5772 Sclaveni
2487 5727 2618 5787 ipsi:
2671 5726 2806 5773 unde
2842 5725 3187 5783 intellegitur,
3241 5737 3328 5769 cur
3365 5723 3599 5770 Iordanes
3635 5723 3887 5784 victoriam
3928 5723 4357 5781 Langobardorum

1107 5815 1314 5860 summis
1351 5815 1585 5861 laudibus
1622 5813 1844 5859 extollat.
