4882 6775
1216 431 1426 497 LXIV
2628 429 3085 486 PROOEMIVM.

1232 654 1551 738 Iordanis,
1589 674 1779 736 quem
1811 653 2063 720 nomine
2093 674 2346 738 quoque
2388 653 2654 737 (scilicet
2685 653 2788 720 ed.
2825 676 2889 739 p.
2929 656 3085 720 678:
3141 665 3208 719 ut
3237 655 3536 717 Iohannes
3566 691 3649 700 —
3684 654 3775 719 sic
3807 674 4017 720 errore
4049 692 4132 701 ——
4166 660 4486 718 Ravenna-

1236 785 1331 839 tae
1362 776 1536 839 urbis
1568 762 1879 858 episcopus
1925 777 2157 857 scribit,
2210 775 2362 840 item
2409 774 2521 840 ubi
2569 775 2775 839 locum
2820 797 2884 860 p.
2924 777 3027 858 64,
3068 778 3149 838 20
3195 774 3514 857 exscribit,
3569 775 3635 839 in
3681 775 3968 858 margine
4015 782 4138 840 est:
4204 780 4323 839 ‘sic
4356 781 4489 839 Ior-

1242 897 1462 959 ‘danis
1479 895 1514 979 ’)
1555 894 1850 960 adhibuit
1879 893 2107 961 Getica
2150 916 2270 961 nec
2315 915 2530 980 pauca
2572 894 2724 960 inde
2769 894 2855 959 ad
2884 896 3149 960 verbum
3194 895 3616 980 transcripsit.
3699 913 3853 960 usus
3896 901 3995 961 est
4038 895 4255 961 codice
4298 896 4486 961 huius

1231 1014 1474 1081 ordinis
1517 1015 1585 1080 ni
1632 1015 1822 1080 fallor
1866 1015 2186 1100 principe:
2261 1022 2432 1081 certe
2481 1015 2672 1081 etiam
2718 1015 3071 1081 Vedastino
3117 1015 3487 1082 coenobitae
3533 1022 3753 1081 auctor
3811 1015 4155 1100 episcopus
4216 1025 4315 1083 est
4359 1018 4488 1082 Ra-

1230 1154 1493 1217 vennaS,
1550 1155 1843 1219 quaeque
1887 1135 2041 1202 inde
2088 1136 2381 1221 repetivit
2426 1143 2492 1202 et
2535 1135 2875 1201 ostendunt
2902 1135 3241 1201 Iordanem
3276 1156 3421 1200 eum
3453 1134 3690 1219 legisse
3722 1134 3952 1201 litteris
3981 1136 4486 1221 Langobardicis

1232 1255 1539 1341 scriptum
1596 1255 1785 1340 (unde
1844 1255 2110 1322 Veniunt
2154 1260 2257 1339 60,
2313 1259 2350 1320 9
2398 1258 2884 1320 ulmerachorum
2930 1277 3043 1341 pro
3089 1246 3544 1339 ulmcruyorum
3591 1264 3656 1323 et
3704 1261 3847 1339 116,
3904 1261 3938 1320 7
3985 1277 4049 1320 se
4095 1262 4330 1321 mittens
4377 1280 4485 1343 pro

1230 1377 1556 1457 remittens)
1609 1384 1674 1442 et
1716 1397 1844 1442 non
1889 1378 2094 1443 solum
2142 1376 2344 1442 sicubi
2405 1376 2597 1442 huius
2656 1375 2942 1443 familiae
3004 1376 3147 1441 libri
3205 1376 3315 1460 qui
3376 1384 3719 1462 supersunt
3774 1376 3841 1441 in
3903 1376 4160 1442 diversa
4218 1379 4477 1459 abeunt,

1229 1496 1477 1562 meliori
1522 1496 1780 1563 lectioni
1824 1497 2105 1563 adsentit
2172 1500 2261 1581 (ut
2309 1502 2454 1579 110,
2516 1502 2589 1561 15
2649 1498 2819 1560 uobis
2881 1517 3022 1561 cum
3068 1502 3115 1559 Z
3154 1503 3371 1563 contra
3416 1501 3572 1579 ΧΥ),
3641 1498 3758 1564 sed
3817 1498 4014 1563 hahet
4069 1498 4260 1563 etiam
4319 1521 4486 1582 quae

1233 1617 1532 1682 omittunt
1578 1622 1724 1681 XYZ
1763 1619 1960 1685 verba
2003 1638 2070 1703 p.
2123 1620 2226 1699 62,
2282 1622 2356 1681 15
2403 1617 2684 1702 itemque
2728 1618 2972 1700 aliquot
3014 1618 3170 1683 locis
3217 1624 3438 1682 contra
3482 1637 3698 1683 eorum
3745 1637 4124 1683 consensum
4170 1619 4487 1703 antiquio-

1227 1758 1360 1803 rem
1407 1737 1789 1822 scripturam
1835 1739 2119 1804 servavit
2175 1740 2262 1821 (ut
2309 1742 2411 1819 60,
2469 1741 2506 1802 8
2555 1744 2857 1820 eoez'cnteS,
2929 1741 3066 1819 108,
3127 1741 3163 1801 3
3213 1740 3455 1821 ribarii,
3514 1742 3653 1820 110,
3715 1741 3792 1802 16
3839 1760 4145 1823 maynum,
4207 1744 4347 1821 110,
4404 1744 4482 1805 25

1224 1862 1475 1944 autem).
1556 1858 1642 1924 ad
1688 1858 1878 1924 crisin
1924 1859 2446 1924 Iordanianorum
2495 1859 2648 1925 licet
2694 1863 3000 1943 excerpta
3042 1858 3410 1924 Duacensia
3454 1865 3842 1924 momentum
3888 1879 4031 1925 raro
4077 1860 4370 1939 afferant,
4432 1861 4485 1925 si

1224 1978 1393 2045 iusto
1438 1986 1725 2065 tempore
1771 1999 1987 2045 eorum
2033 1980 2218 2065 copia
2260 1979 2417 2044 mihi
2466 1978 2637 2044 facta
2681 1986 2874 2060 esset,
2935 1977 3276 2063 apparatui
3323 1978 3536 2044 critico
3582 1979 3763 2044 varia
3805 1979 3995 2045 lectio
4041 1980 4341 2047 universa
4383 1981 4483 2046 in-

1228 2100 1504 2165 serenda
1549 2100 1797 2183 fuisset,
1852 2107 1921 2166 ut
1966 2100 2091 2166 feci
2136 2098 2523 2182 quibusdam
2570 2098 2728 2164 locis
2776 2118 2930 2164 usus
2963 2098 3045 2164 iis
3075 2120 3241 2183 quae
3273 2120 3308 2165 e
3338 2098 3663 2164 Duacensi
3695 2099 4133 2166 Bethmannus
4165 2109 4478 2168 enotarat.

1221 2218 1350 2285 iam
1394 2240 1537 2286 sero
1582 2229 1809 2287 nactus
1854 2221 2104 2304 integra
2146 2220 2268 2286 hoc
2311 2225 2483 2285 certe
2520 2220 2658 2284 loco
2690 2238 2801 2303 pro
2832 2219 3279 2304 supplemento
3311 2218 3611 2285 editionis
3642 2220 4040 2287 Waitzianae
4081 2224 4167 2306 (p.
4208 2226 4331 2286 679
4351 2226 4471 2307 sq.)

1221 2340 1467 2406 subieci
1513 2342 1851 2407 elenchum
1898 2348 2342 2426 excerptorum
2388 2360 2470 2405 ex
2514 2337 2788 2404 Iordane
2832 2339 3170 2424 petitorum
3231 2340 3334 2405 vel
3398 2346 3566 2406 certe
3630 2341 4104 2406 coniunctorum
4153 2363 4296 2408 cum
4343 2343 4484 2408 Ior-

1222 2459 1518 2527 danianis
1562 2462 1891 2547 adscripta
1933 2462 2113 2526 varia
2158 2461 2465 2542 lectione,
2534 2459 2642 2525 ubi
2686 2481 2726 2524 a
2770 2480 2915 2525 mea
2959 2460 3331 2527 recensione
3378 2461 3736 2527 discedunt.
3828 2482 4018 2545 quem
4077 2463 4284 2528 locum
4348 2464 4484 2528 sin-

1221 2582 1379 2664 gula
1435 2589 1736 2667 excerpta
1798 2582 1865 2647 in
1920 2581 2369 2666 compilatione
2428 2580 2753 2645 Duacensi
2815 2586 3074 2646 teneant
3134 2580 3189 2645 si
3250 2581 3360 2664 qui
3418 2582 3540 2647 erit
3595 2582 3706 2665 qui
3763 2590 4064 2664 quaerat,
4132 2583 4481 2682 adsumpta

1228 2701 1505 2768 editione
1552 2703 1914 2768 Waitziana
1959 2702 2153 2768 facile
2196 2700 2555 2783 intelleget.

1400 2858 1723 2939 [Veterum
1768 2856 2077 2923 relatores
2124 2856 2571 2940 hystoriarum]
2633 2857 2719 2940 (p.
2774 2859 2878 2938 54,
2941 2858 3205 2939 10—16)
3259 2857 3454 2923 totius
3498 2895 3584 2905 —
3629 2856 4077 2941 cognominant

1635 2990 1719 3051 54,
1768 2988 1828 3038 14
1869 2987 2344 3054 miliariorumque

1398 3110 1516 3189 [est
1560 3111 1648 3192 ut]
1713 3108 1797 3190 (p.
1850 3109 1955 3190 58,
2014 3109 2240 3191 1—12)
2295 3104 2609 3171 Claudius
2669 3105 3075 3171 Ptholomeus
3132 3143 3218 3153 —
3276 3106 3627 3191 descriptor
3685 3106 3751 3172 in
3811 3107 4036 3172 oceani
4091 3132 4178 3155 ·—
4219 3108 4472 3175 insulae

1530 3226 1884 3313 dispositae

1627 3361 1714 3422 58,
1757 3359 1787 3410 2
1824 3357 2020 3412 oceani
2059 3357 2235 3411 arctoi
2284 3355 2343 3411 id
2383 3361 2473 3412 est
2520 3357 2966 3426 septemtrionali
3017 3357 3137 3411 salo
3185 3386 3246 3396 —
3293 3357 3515 3412 scanzia
3563 3361 3612 3411 et
3649 3357 3726 3411 sic
3761 3358 3848 3411 vel
3880 3359 4148 3414 scandzia
4173 3364 4365 3429 postea
4401 3390 4470 3399 —

1631 3449 1660 3496 7
1698 3445 1771 3499 ad
1809 3446 2085 3499 orientem
2120 3473 2186 3481 -—
2225 3445 2255 3494 8
2292 3443 2568 3512 gremium
2604 3473 2669 3482 -
2707 3449 2739 3496 9
2776 3446 3044 3498 immenso
3079 3474 3150 3483 —
3190 3446 3249 3496 10
3287 3450 3528 3499 exeunte
3565 3473 3634 3482 —
3674 3445 3736 3496 12
3773 3460 3897 3499 esse
3934 3463 4036 3498 om.

1394 3565 1478 3646 [in
1524 3565 1756 3648 quibus
1801 3564 2030 3631 insulis
2075 3564 2315 3629 multae
2360 3570 2424 3629 et
2468 3563 2761 3630 diversae
2808 3572 3178 3630 manserunt
3235 3564 3551 3648 nationeS,
3620 3584 3888 3646 quarum
3948 3564 4228 3630 omnium
4287 3586 4467 3631 sum-

1521 3671 1714 3750 mum]
1765 3671 1853 3751 [p.
1892 3673 1994 3748 65,
2040 3671 2094 3750 1)
2137 3665 2257 3731 fuit
2288 3665 2567 3732 studium
2604 3666 2771 3732 inter
2813 3667 2978 3732 alias
3023 3674 3251 3751 gentes
3295 3686 3512 3731 arcum
3555 3666 3885 3733 intendere
3931 3668 4166 3750 nervis,
4213 3671 4467 3752 [certari

1522 3770 1903 3850 missilibus,
1971 3769 2278 3836 delectari
2338 3768 2640 3854 cytharis,
2735 3771 2960 3836 harum
3004 3771 3265 3853 inquam
3310 3769 3638 3834 nationum
3682 3769 3943 3834 nomina
4000 3772 4151 3854 quia
4209 3771 4465 3839 fuerunt

1522 3874 1797 3938 barbara
1839 3881 2220 3957 nostraeque
2265 3872 2598 3939 Latinitati
2656 3873 2924 3940 dissona
2982 3873 3376 3958 reliquimus.
3474 3876 3658 3956 quae]
3722 3875 3812 3956 (p.
3864 3877 3968 3956 60,
4022 3880 4085 3939 4.
4124 3876 4183 3958 5)
4236 3885 4466 3960 gentes

1523 3974 1862 4041 Germanis
1921 4014 2004 4023 —
2064 3976 2328 4057 sevitia,
2406 3981 2509 4058 [ex
2566 3977 2818 4060 quibus]
2883 3981 2970 4060 (p.
3025 3981 3128 4058 59,
3188 3982 3282 4060 14)
3353 3976 3523 4042 Dani
3597 3983 3682 4058 [et
3739 3977 3978 4056 Getae,
4045 3998 4210 4061 quae
4261 3980 4465 4064 primo

1524 4078 1953 4162 Hostrogothi,
2007 4078 2074 4144 id
2118 4086 2218 4144 est
2259 4078 2606 4144 orientales
2651 4079 2868 4160 Gothi,
2921 4101 3088 4145 nunc
3133 4080 3339 4145 diviso
3385 4079 3696 4145 vocabulo
3742 4080 4088 4162 Vesegothi
4148 4081 4456 4164 feruntur,

1524 4182 1815 4248 feruntur
1858 4183 2152 4264 egressi]
2217 4183 2304 4265 (p.
2357 4187 2462 4265 60,
2516 4185 2554 4246 6
2586 4220 2669 4229 -
2703 4187 2806 4264 61,
2860 4187 2917 4262 4)
2975 4205 3054 4248 ex
3100 4183 3222 4249 hac
3266 4183 3462 4267 igitur
3508 4223 3585 4230 —-
3633 4191 3974 4268 properant

1626 4315 1711 4375 60,
1754 4314 1784 4364 8
1821 4326 2022 4365 nomen
2058 4310 2184 4365 loco
2218 4340 2286 4348 —
2322 4314 2354 4363 9
2392 4311 2835 4366 almerae-horum
2873 4340 2939 4349 —
2981 4313 3041 4362 13
3078 4311 3293 4365 filamer
3330 4341 3391 4350 —
3432 4312 3508 4366 fil.
3537 4313 3669 4381 gad.
3699 4330 3798 4364 om.
3827 4343 3894 4351 —
3925 4314 3982 4364 17
4011 4314 4205 4380 inrep.]
4239 4314 4466 4369 misera·

1628 4398 1821 4453 biliter
1854 4428 1922 4436 —
1964 4400 2023 4450 19
2051 4398 2240 4452 reddit
2272 4427 2342 4436 -
2378 4400 2444 4449 20
2469 4398 2837 4453 attestatione
2871 4428 2926 4437 —
2977 4400 3035 4450 21
3078 4415 3111 4452 a
3137 4417 3240 4452 om.
3277 4429 3348 4439 —
3383 4400 3466 4465 61,
3503 4400 3524 4449 1
3566 4398 3826 4466 philimer
3858 4428 3928 4436 ——
3963 4399 4215 4453 inmenso
4240 4417 4376 4454 corr.
4407 4400 4464 4452 in

1624 4498 1850 4538 emenso
1886 4513 1955 4521 —
1990 4489 2186 4553 optata
2220 4484 2390 4554 potiti
2426 4485 2549 4539 solo

1395 4609 1482 4690 (p.
1534 4609 1639 4688 61,
1699 4608 1774 4669 12
1806 4641 1891 4652 -
1924 4607 2024 4686 62,
2081 4607 2136 4689 3)
2195 4604 2466 4689 Scythia
2519 4607 2752 4687 [autem
2798 4606 2995 4689 regio]
3049 4605 3433 4671 Germaniae
3477 4643 3564 4653 —
3608 4605 3844 4671 fontem

1624 4737 1707 4800 61,
1755 4737 1815 4785 13
1853 4742 2111 4803 stagnum
2147 4762 2216 4771 —
2264 4735 2324 4785 14
2362 4735 2504 4789 illud
2549 4764 2617 4772 —
2666 4737 2726 4786 15
2771 4736 3043 4796 ambitum
3091 4765 3158 4773 —
3210 4737 3269 4785 16
3319 4736 3375 4788 ἰιι
3427 4735 3654 4790 sinistra
3696 4741 3860 4804 parte
3907 4765 3974 4772 —-
4025 4736 4084 4786 17
4131 4734 4348 4790 sinibus
4393 4766 4459 4772 —

1622 4823 1707 4885 62,
1754 4823 1773 4872 1
1816 4827 2010 4875 arctoo
2046 4850 2113 4858 —
2150 4823 2180 4872 3
2219 4819 2291 4875 ab
2327 4821 2516 4876 hostio
2553 4836 2657 4875 suo

1392 4945 1479 5024 (p.
1532 4945 1633 5022 62,
1689 4945 1724 5005 7
1756 4978 1841 4989 -
1872 4944 1976 5024 63,
2033 4944 2131 5024 18)
2183 4941 2250 5006 in
2295 4941 2477 5007 cuius
2522 4941 2803 5007 Scithiae
2848 4979 2931 4988 —
2976 4942 3304 5008 habitasse

1622 5072 1706 5132 62,
1750 5072 1777 5120 7
1815 5070 2003 5124 medio
2050 5100 2119 5109 —
2168 5074 2197 5124 8
2234 5072 2616 5125 uastissimam
2651 5101 2721 5110 -
2756 5072 3057 5126 meotidam
3096 5101 3162 5108 —
3198 5074 3230 5122 9
3267 5073 3414 5135 octo]
3458 5071 3535 5124 uii
3571 5101 3639 5109 —
3683 5073 3740 5121 12
3779 5069 3982 5124 flumas
4029 5099 4091 5108 -
4149 5073 4205 5121 14
4243 5072 4457 5139 aquilo-

1622 5171 1749 5209 nem
1784 5186 1852 5192 —
1888 5159 1973 5219 63,
2018 5159 2039 5208 1
2081 5157 2485 5213 nouietanense
2519 5187 2588 5196 -
2626 5161 2654 5208 3
2692 5159 2824 5226 quia
2861 5189 2926 5196 —
2962 5162 2993 5210 4
3032 5159 3411 5212 extenduntur
3435 5175 3536 5212 om.
3576 5186 3641 5194 —
3678 5159 3710 5208 6
3748 5157 3990 5210 uiduarii
4014 5186 4082 5194 —
4113 5158 4173 5207 10
4212 5155 4455 5210 fortissi-

1622 5257 1832 5295 marum
1866 5271 1935 5280 —
1974 5241 2373 5299 fecundissima
2407 5275 2475 5283 —
2518 5247 2578 5296 17
2616 5244 2974 5315 thraciasque
3009 5275 3078 5283 —
3114 5261 3266 5299 mare
3301 5264 3402 5298 om.

1394 5363 1484 5445 (p.
1537 5365 1640 5445 64,
1695 5363 1880 5444 5-8)
1937 5361 2002 5426 in
2049 5362 2253 5445 prima
2297 5363 2452 5430 sede
2499 5402 2582 5412 —
2627 5365 2954 5430 annalium

1622 5494 1707 5556 64,
1748 5494 1780 5542 6
1818 5490 2062 5559 praefati
2102 5491 2247 5545 unde
2283 5492 2578 5561 loquimur]
2621 5495 2784 5562 primi
2821 5501 2880 5548 et
2915 5495 3131 5564 antiqui
3169 5493 3327 5563 gothi
3362 5523 3431 5532 —
3466 5492 3748 5562 phylimer
3784 5523 3848 5529 —
3888 5495 3917 5544 7
3955 5493 4243 5546 salmoxen

1392 5615 1481 5694 (p.
1533 5615 1637 5696 64,
1689 5614 1965 5696 20—23)
2028 5612 2135 5696 [iu]
2186 5613 2376 5677 tertia
2420 5613 2576 5680 sede
2620 5653 2705 5662 —
2750 5614 3138 5680 serviebant.
3230 5616 3325 5678 hic
3387 5619 3448 5677 in
3504 5617 3814 5698 marye'ne:
3864 5613 3957 5679 sic
4001 5612 4315 5679 Iordanis.

1620 5744 1705 5808 64,
1747 5743 1806 5793 21
1850 5758 2018 5812 supra
2052 5772 2121 5780 ——
2159 5749 2220 5796 ut
2256 5759 2378 5811 sup.
2422 5745 2536 5798 dix.
2578 5764 2676 5800 om.
2718 5776 2786 5783 —
2822 5745 3029 5808 effecti]
3071 5745 3308 5799 caeteris
3345 5744 3533 5798 effecti
