4882 6775
1922 491 2380 555 PROOEMIVM.
3455 487 3773 553 XXXVII

522 721 778 786 nemine
824 727 1158 804 praeterea
1201 718 1534 784 laudatum
1579 718 1938 803 aetatisque
1968 720 2163 802 plane
2193 719 2474 783 incertae
2503 716 2570 781 in
2601 716 2793 782 rebus
2821 714 3128 780 Attilanis
3157 720 3223 779 et
3248 713 3463 798 ipsum
3491 711 3775 797 pendere

524 864 565 908 a
596 842 812 907 Prisco
858 848 922 906 et
967 860 1082 925 per
1125 859 1197 935 se
1244 839 1576 923 probabile
1622 845 1721 905 est
1761 839 1929 922 (nam
1972 840 2038 904 in
2085 838 2454 904 universum
2500 836 2582 903 de
2624 834 2829 901 Attila
2872 854 3038 918 quae
3083 833 3321 919 posteri
3346 832 3768 916 tradiderunt,

526 963 586 1028 ei
633 961 877 1028 auctori
922 960 1324 1045 potissimum
1372 960 1623 1043 debent)
1666 965 1731 1023 et
1773 959 1916 1044 ipsa
1944 959 2062 1024 illa
2092 958 2262 1024 Aetii
2291 958 2558 1042 egregia
2586 955 2928 1040 descriptio
2942 954 3012 1038 69)
3052 955 3158 1020 vel
3188 953 3464 1020 maxime
3509 952 3768 1020 suadet:

529 1081 864 1147 simillima
894 1080 1063 1145 enim
1097 1086 1195 1144 est
1223 1079 1595 1145 Priscianae
1627 1079 1868 1144 Attilae
1899 1086 1965 1145 et
1991 1079 2073 1144 iis
2104 1079 2420 1144 coloribus
2452 1077 2854 1159 adumbrata,
2905 1095 3065 1158 quos
3095 1074 3299 1141 Prisci
3328 1093 3473 1140 esse
3503 1081 3774 1140 constat.

695 1201 878 1265 XXI.
935 1200 1227 1265 ABLAsu
1283 1199 1725 1283 ‘descriptoris
1771 1199 2125 1265 Gothorum
2170 1198 2381 1283 gentis
2426 1196 2674 1281 egregii
2719 1196 3059 1262 verissima
3102 1195 3392 1260 historia’
3436 1194 3778 1277 adlegatur
3802 1203 4013 1244 Abhbiue

528 1343 582 1387 c.
622 1327 683 1404 4,
719 1324 824 1401 28,
875 1320 1029 1386 item
1074 1319 1377 1385 laudatur
1429 1319 1780 1385 ‘Ablabius
1824 1319 2193 1386 historicus’
2242 1339 2294 1384 c.
2356 1323 2453 1401 14,
2493 1320 2598 1382 82.
2651 1320 2753 1399 23,
2800 1320 2918 1379 117
2966 1316 3048 1381 ab
3094 1315 3224 1381 alio
3268 1316 3445 1381 nullo
3490 1315 3782 1380 nomina-

525 1449 630 1508 tus
649 1444 750 1517 70).
847 1440 915 1505 id
969 1461 1199 1506 nomen
1259 1440 1364 1505 vel
1421 1440 1633 1524 potius
1696 1439 1946 1523 signum
2007 1439 2341 1505 formatum
2401 1436 2864 1503 consuetudine
2909 1456 3076 1519 quae
3121 1456 3163 1501 a
3203 1436 3389 1502 tertio
3434 1435 3586 1501 inde
3633 1456 3782 1501 sae-

527 1563 670 1627 culo
735 1560 1012 1627 invaluit
1093 1562 1257 1641 (nam
1318 1580 1400 1625 ex
1458 1555 1730 1646 ἀβλαβής
1793 1559 2031 1624 factum
2091 1565 2190 1624 est
2247 1566 2316 1625 ut
2372 1558 2672 1625 Alethius
2728 1555 3132 1642 Epiphanius
3190 1557 3519 1639 Eugenius
3579 1557 3785 1621 Euse-

528 1683 672 1748 bius
700 1680 1063 1746 Euanthius
1107 1680 1363 1763 aliaque
1409 1680 1736 1763 complura
1780 1700 1861 1745 ex
1905 1679 2226 1744 similibus
2271 1679 2478 1744 bonae
2524 1676 3016 1760 significationis
3058 1676 3485 1761 adiectivis⁷¹)
3528 1697 3673 1743 cum
3720 1683 3786 1741 et

530 1804 753 1869 consul
799 1800 1156 1866 ordinarius
1202 1821 1264 1864 a.
1317 1804 1432 1865 331
1486 1800 1761 1882 gesserit
1814 1799 1906 1883 (C.
1958 1799 2012 1863 I.
2064 1799 2138 1864 L.
2188 1799 2307 1881 III,
2361 1799 2504 1882 352)
2561 1805 2626 1863 et
2668 1797 2782 1863 alii
2825 1818 2951 1863 non
2995 1797 3186 1881 pauci
3205 1800 3307 1882 ⁷²),
3360 1797 3577 1863 nullus
3620 1797 3787 1863 inter

532 1944 645 1990 eos
691 1929 790 1990 est
833 1921 935 1987 cui
980 1942 1123 1986 cum
1168 1921 1389 2002 aliqua
1431 1920 1884 2005 probabilitate
1932 1917 2259 1985 historiam
2306 1919 2487 1984 illam
2535 1917 2873 1984 Gothicam
2917 1917 3192 1999 tribuas,
3260 1937 3378 1983 nec
3422 1917 3628 1983 solum
3674 1937 3788 1982 ae-

532 2052 633 2110 tas
679 2041 1002 2127 scriptoris
1043 2041 1109 2106 in
1156 2041 1519 2105 coniectura
1565 2039 1773 2123 posita
1817 2045 1935 2122 est,
1989 2039 2106 2105 sed
2149 2060 2231 2105 ne
2278 2040 2395 2105 hoc
2441 2038 2697 2122 quidem
2748 2044 3015 2121 constat,
3067 2058 3219 2103 num
3259 2038 3548 2103 Graecus
3594 2036 3788 2103 fuerit

533 2186 616 2230 an
662 2166 987 2227 Romanus
1033 2160 1364 2226 Gothusve
1423 2167 1488 2225 et
1547 2166 1757 2225 utrum
1804 2160 2050 2227 Graece
2098 2160 2424 2245 scripserit
2468 2179 2552 2223 an
2598 2158 2847 2224 Latine.
2941 2179 3091 2223 nam
3150 2158 3338 2242 signa
3395 2159 3512 2224 illa
3560 2159 3789 2224 Latina

537 2283 966 2350 declinatione
1009 2303 1090 2348 ex
1124 2280 1391 2347 Graecis
1434 2281 1811 2365 plerumque
1858 2280 2188 2347 vocabulis
2233 2279 2508 2345 formata
2552 2278 2675 2343 etsi
2719 2278 2784 2342 in
2816 2277 3163 2346 Occidente
3210 2288 3577 2365 coeperunt,
3631 2279 3790 2344 utri-

536 2425 660 2489 que
716 2403 885 2489 parti
943 2401 1196 2486 imperii
1256 2400 1616 2466 communia
1670 2407 1853 2480 sunt,
1919 2420 2211 2484 quaeque
2275 2420 2356 2465 ex
2400 2397 2676 2465 Ablabio
2721 2398 3023 2465 Iordanes
3081 2400 3305 2484 affert,
3368 2399 3791 2483 veriloquium

536 2545 788 2609 quoque
854 2524 1172 2588 Graecum
1242 2520 1323 2586 de
1389 2520 1650 2586 Herulis
1695 2540 1751 2584 c.
1804 2523 1909 2601 23,
1967 2524 2108 2603 117,
2184 2526 2315 2585 tam
2383 2540 2463 2584 ex
2527 2518 2774 2584 Graeco
2838 2540 3028 2603 quam
3096 2540 3178 2585 ex
3238 2519 3468 2585 Latino
3534 2526 3793 2585 auctore

539 2644 814 2711 derivari
881 2649 1247 2728 potuerunt.
1317 2677 1405 2687 —-
1471 2640 1837 2724 Optandum
1907 2639 2099 2722 foret,
2174 2647 2245 2705 ut
2308 2640 2389 2705 de
2455 2639 2732 2705 Ablabio
2795 2641 3158 2705 accuratius
3223 2648 3570 2707 constaret:
3645 2660 3794 2705 nam

538 2787 707 2848 quae
764 2763 1001 2830 adsunt
1058 2762 1233 2848 apud
1277 2761 1615 2826 Iordanem
1676 2761 1878 2845 petita
1936 2781 2017 2826 ex
2068 2760 2543 2825 narrationibus
2589 2759 2972 2843 Gothorum,
3039 2767 3111 2826 ut
3168 2768 3417 2828 constat
3458 2760 3795 2826 Iordanem

541 2887 776 2975 debere
837 2882 1276 2964 CassiodoriO,
1348 2881 1439 2947 ita
1507 2881 1560 2947 si
1627 2881 1781 2965 quid
1837 2879 2027 2946 video
2087 2879 2536 2946 Cassiodorius
2581 2900 2660 2945 ex
2722 2879 3103 2947 Ablabianis
3148 2882 3451 2965 sublegit.
3538 2880 3800 2947 Cassio-

541 3007 789 3072 dorium
849 3005 1108 3070 natione
1152 3002 1505 3083 Bruttium,
1572 3001 1844 3066 fortasse
1905 3022 1985 3067 ne
2042 3001 2302 3084 linguae
2363 3000 2624 3082 quidem
2670 3001 2984 3067 Gothicae
3045 3002 3314 3086 peritum
3370 3005 3561 3084 (certe
3618 3001 3802 3066 testi-

543 3128 757 3193 monia
802 3126 1052 3209 desunt)
1121 3131 1184 3189 et
1226 3144 1342 3208 per
1398 3128 1595 3188 totam
1656 3122 1852 3186 vitam
1912 3121 1980 3186 in
2026 3141 2276 3186 summa
2320 3140 2387 3186 re
2433 3121 2693 3206 publica
2738 3129 3064 3188 versatum
3124 3143 3251 3187 non
3310 3124 3516 3187 solum
3575 3142 3798 3206 parum

542 3247 873 3333 probabile
932 3252 1030 3310 est
1088 3244 1373 3309 carmina
1428 3242 1546 3306 illa
1606 3248 1670 3307 et
1729 3241 1984 3307 fabulas
2041 3262 2124 3307 ex
2183 3261 2290 3305 ore
2357 3241 2759 3326 popularium
2827 3242 3039 3327 ipsum
3107 3244 3485 3327 collegisse,
3551 3242 3667 3307 sed
3734 3239 3801 3305 id

719 3560 804 3620 69)
844 3561 966 3607 Eam
1003 3571 1202 3620 quoque
1244 3558 1295 3616 (1.
1337 3555 1388 3617 2,
1429 3557 1475 3618 8)
1531 3569 1779 3617 apponere
1817 3557 1980 3603 visum
2018 3561 2122 3604 est:
2184 3557 2369 3605 ‘medii
2421 3558 2667 3618 corporis,
2719 3557 2881 3604 virilis
2917 3546 3231 3605 habitudinis
3267 3559 3502 3606 decenter
3537 3559 3798 3614 formatus,

552 3650 682 3709 ‘quo
719 3660 882 3707 neque
920 3644 1273 3693 infirmitudini
1308 3648 1444 3691 esset
1481 3656 1647 3703 neque
1682 3644 1836 3704 oneri,
1880 3645 2044 3690 animo
2080 3644 2271 3702 alacer,
2315 3645 2549 3691 membris
2587 3648 2813 3705 vegetus,
2852 3657 3008 3703 eques
3043 3646 3471 3706 promptissimus,
3513 3644 3801 3704 sagittarum

546 3733 714 3782 ‘iactu
750 3735 962 3795 perituS,
1002 3735 1145 3779 conto
1181 3730 1421 3791 impiger,
1463 3728 1609 3776 bellis
1646 3729 1972 3790 aptissimus,
2014 3730 2148 3790 pacis
2185 3730 2377 3777 artibus
2414 3730 2640 3790 celebris,
2684 3729 2879 3776 nullius
2916 3730 3168 3790 avaritiae,
3211 3731 3448 3778 minimae
3485 3730 3801 3791 cupiditatis,

551 3821 724 3868 ‘bonis
762 3819 916 3867 animi
954 3818 1247 3879 praeditus,
1302 3830 1394 3864 nec
1430 3815 1789 3876 impulsoribus
1826 3816 2031 3875 quidem
2068 3817 2233 3877 pravis
2269 3817 2329 3863 ab
2366 3817 2605 3863 instituto
2642 3828 2732 3863 suo
2769 3815 3006 3876 devians,
3048 3816 3345 3865 iniuriarum
3383 3817 3799 3879 patientissimus,

553 3906 762 3953 ‘laboris
799 3909 1060 3968 appetens,
1101 3903 1383 3966 impavidus
1418 3897 1799 3963 periculorum’.

723 3990 807 4050 70)
848 3990 973 4037 Nam
1020 3989 1150 4051 quod
1197 3989 1370 4036 scribit
1407 3989 1658 4050 Rupertus
1706 3988 1858 4036 abbas
1895 3988 2284 4047 'tegernseensis
2327 3989 2380 4037 in
2417 3988 2641 4048 epistula
2683 3987 2837 4050 (edita
2869 3987 3001 4051 apud
3040 3988 3248 4037 Pezium
3283 3994 3337 4038 et
3370 3989 3660 4038 Hueberum
3698 3991 3802 4041 cod.

551 4060 827 4139 diplomat(
850 4077 940 4136 VI,
970 4074 1001 4124 2
1039 4091 1087 4138 p.
1122 4075 1204 4136 53]
1247 4073 1366 4122 hac:
1414 4075 1503 4122 ⁴13.
1544 4074 1904 4134 benignissimo
1942 4074 2183 4122 scientiae
2221 4073 2466 4134 clavigero
2502 4075 2560 4122 B.
2600 4075 2814 4122 intimus
2850 4075 3038 4122 amicus
3075 4079 3125 4122 et
3160 4077 3329 4138 ipsum
3366 4077 3571 4124 introire
3609 4081 3661 4124 et
3696 4078 3809 4124 aliis

553 4164 849 4210 ‘introitum
886 4162 1100 4224 aperire.
1163 4174 1278 4220 rogo
1316 4161 1706 4209 benivolentiam
1744 4164 1901 4219 tuam,
1942 4161 2283 4221 dilectissime,
2328 4167 2384 4207 ut
2418 4160 2611 4222 aliquos
2647 4175 2712 4208 ex
2750 4161 2989 4208 subiectis
3028 4163 3149 4209 mihi
3186 4163 3528 4210 transmittere
3564 4163 3807 4222 digneris,

556 4249 663 4297 ‘vel
701 4249 894 4296 scilicet
929 4249 1150 4295 Plinium
1187 4248 1248 4295 de
1286 4248 1499 4295 naturali
1535 4248 1740 4295 historia
1777 4248 1856 4294 vel
1893 4247 2201 4295 Ptolemeum
2245 4248 2306 4296 de
2343 4246 2710 4308 cosmographia
2747 4247 2825 4294 vel
2862 4246 3092 4294 Blavlum
3129 4248 3194 4295 de
3229 4249 3384 4307 gestis
3420 4249 3693 4297 Gothorum
3733 4250 3811 4296 vel

559 4335 930 4383 ‘Marcellinum
982 4334 1043 4382 de
1094 4335 1199 4381 situ
1236 4333 1689 4393 Hierosolymorum
1738 4339 1788 4381 et
1824 4332 2490 4395 Constantinopolitanorum
2532 4333 2613 4380 vel
2652 4333 2969 4380 Lactantium
3021 4334 3084 4381 de
3119 4335 3193 4381 ira
3227 4335 3310 4382 dei
3347 4334 3426 4381 vel
3467 4336 3810 4395 Augustinum

556 4423 569 4448 ⁴
592 4427 762 4469 contra
799 4421 1051 4468 Iulianum
1100 4420 1178 4466 vel
1229 4420 1432 4481 aliquod
1480 4432 1604 4481 opus
1641 4420 1957 4467 Tertulliani.
2033 4420 2347 4478 leronymum
2396 4420 2450 4466 in
2489 4420 2574 4467 Iob
2628 4420 2706 4467 vel
2745 4419 3024 4467 Leviticum
3064 4433 3362 4481 magnopere
3399 4421 3731 4469 desiderarem
3769 4423 3813 4468 si

558 4509 807 4568 ‘usquam
845 4506 1017 4553 haberi
1055 4504 1349 4567 sperarem‘,
1393 4507 1535 4554 venit
1571 4507 1679 4553 sine
1715 4506 1868 4552 dubio
1904 4520 1967 4553 ex
2018 4507 2163 4554 lectis
2210 4507 2257 4553 ei
2308 4505 2498 4554 Geticis
2535 4506 2776 4554 Iordanis.
2829 4533 2897 4540 —
2947 4506 3141 4568 Simili,
3197 4507 3283 4554 sed
3324 4509 3491 4556 minus
3538 4510 3812 4556 excusabili

555 4607 715 4642 errore
762 4607 926 4654 nuper
961 4592 1151 4639 Paulus
1192 4591 1446 4638 Buchholz
1502 4591 1596 4652 (die
1646 4590 1852 4648 Oneum
1899 4591 1983 4638 der
2019 4592 2338 4640 historiarum
2375 4592 2585 4640 decades
2623 4591 2714 4638 dea
2745 4593 2949 4639 Flavius
2987 4592 3227 4640 Blandus.
3284 4593 3590 4653 Naumburgi
3635 4593 3810 4656 issi),

557 4694 607 4741 p.
638 4679 702 4727 24
719 4694 813 4741 sq„
865 4676 955 4727 131
979 4693 1053 4738 sq.
1095 4678 1354 4726 contendit
1379 4678 1641 4740 Blondum,
1685 4678 1774 4739 qui
1802 4679 1942 4725 modo
1968 4678 2224 4726 Iordanem
2263 4678 2480 4740 adlegat,
2522 4679 2660 4725 modo
2685 4678 2911 4725 Priscum
2939 4679 3284 4739 Ablabiumve,
3325 4685 3522 4741 praeter
3555 4680 3817 4728 Iordanem

557 4767 725 4828 ipsum
752 4765 1021 4812 Ablabium
1059 4764 1364 4824 adhibuisse,
1406 4778 1705 4825 quamquam
1742 4779 1871 4825 quae
1909 4767 2053 4813 affert
2076 4764 2298 4813 Blondus
2336 4778 2398 4811 ex
2425 4766 2653 4824 Ablabio,
2696 4765 2865 4812 omnia
2899 4769 2951 4813 et
2987 4778 3049 4811 ex
3089 4771 3226 4826 parte
3262 4766 3323 4812 ad
3361 4767 3566 4813 verbum
3604 4766 3818 4814 redeunt

557 4852 690 4913 apud
727 4851 1018 4900 Iordanem:
1073 4851 1170 4898 nisi
1209 4851 1335 4897 forte
1369 4850 1460 4898 hoc
1497 4851 1696 4899 Ablabii
1744 4856 1823 4898 est
1867 4864 2031 4911 regem
2071 4851 2402 4912 Francorum,
2457 4853 2604 4899 cuius
2653 4865 2833 4899 nomen
2882 4851 2934 4898 in
2981 4852 3170 4913 proelio
3206 4851 3527 4901 catalaunico
3573 4853 3815 4901 narrando

560 4939 795 4986 Iordanes
834 4952 932 4986 non
971 4938 1127 5000 ponit,
1169 4939 1328 4985 fuisse
1366 4938 1670 4986 Meroveum.

738 5023 822 5085 71)
865 5024 1157 5085 Composuit
1191 5038 1276 5071 eos
1316 5023 1610 5073 Scbirrenus
1645 5037 1698 5085 p.
1730 5023 1930 5073 36—41
1972 5024 2242 5083 diligenter
2278 5025 2435 5084 magis
2472 5038 2624 5085 quam
2663 5025 2937 5074 fructuose.
3013 5023 3139 5071 addo
3163 5023 3428 5072 Ablabium
3454 5025 3713 5074 Murenam
3751 5042 3815 5074 ex

561 5113 662 5159 vita
699 5110 897 5158 Claudii
935 5111 1132 5158 Gothici
1169 5125 1214 5159 c.
1262 5108 1339 5171 15,
1397 5111 1670 5171 quoniam,
1717 5111 1836 5158 licet
1872 5111 2094 5170 epistula
2129 5111 2239 5172 ipsa
2276 5111 2450 5171 spuria
2485 5111 2584 5170 sit,
2639 5112 2750 5158 eius
2787 5110 3005 5158 nominis
3041 5111 3450 5170 antiquissimum
3489 5112 3623 5173 quod
3661 5115 3817 5161 norim

564 5199 854 5261 exemplum
892 5198 1115 5260 praebet.
1193 5201 1414 5245 ceterum
1454 5211 1518 5246 ne
1556 5211 1705 5258 quem
1743 5197 1982 5259 deinceps
2019 5197 2235 5258 decipiat
2271 5198 2558 5257 sententia,
2611 5210 2759 5259 quam
2810 5202 3059 5258 sumptam
3116 5197 3209 5244 ‘ex
3248 5203 3391 5245 sexto
3428 5197 3619 5246 decimo
3656 5199 3818 5248 Theo-

567 5285 727 5333 ‘dosii
765 5285 885 5346 imp.
925 5284 1082 5344 libro,
1126 5284 1345 5345 capitulo
1382 5283 1617 5331 videlicet
1652 5283 1946 5343 undecimo,
1990 5284 2049 5330 ad
2092 5285 2396 5342 interrogata
2430 5283 2632 5331 Ablavii
2667 5284 2810 5331 ducis
2848 5283 2921 5330 illi
2959 5289 3014 5331 et
3050 5284 3285 5331 omnibus
3323 5285 3637 5345 rescriptam'
3686 5287 3820 5332 refe-

563 5376 681 5418 runt
716 5370 1011 5432 capitularia
1046 5371 1218 5432 spuria
1261 5370 1350 5432 (M.
1391 5369 1448 5418 G.
1494 5370 1595 5417 LL.
1637 5371 1705 5431 ΙΙ,
1748 5367 1778 5417 2
1816 5384 1866 5431 p.
1896 5368 2016 5431 91),
2073 5383 2249 5418 moneo
2294 5371 2558 5428 significari
2598 5383 2696 5418 non
2734 5371 3027 5432 rescriptum
3065 5371 3232 5419 nescio
3268 5370 3396 5431 quod
3436 5370 3698 5419 Theodosii
3736 5373 3818 5419 iu-

566 5457 722 5505 nioris
758 5457 821 5504 ad
857 5457 1037 5504 ducem
1063 5455 1333 5503 Ablabium
1371 5456 1561 5511 datum,
1605 5460 1664 5503 ut
1701 5457 1863 5503 visum
1901 5463 1979 5504 est
2016 5455 2296 5516 Schirreno,
2339 5457 2427 5504 sed
2465 5458 2872 5506 constitutionem
2912 5455 3312 5505 Sirmondianam
3348 5457 3557 5518 primam
3594 5459 3757 5506 datam
3794 5474 3824 5505 a

566 5542 894 5591 Constantino
928 5541 991 5588 ad
1025 5542 1291 5589 Ablabium
1328 5543 1583 5590 consulem
1620 5556 1663 5590 a.
1708 5541 1840 5600 331,
1894 5555 2022 5603 quae
2067 5543 2122 5589 in
2171 5542 2468 5603 quibusdam
2505 5543 2645 5591 libris
2681 5543 2984 5592 adscribitur
3021 5543 3220 5592 Codicis
3259 5543 3588 5592 'theodosiani
3623 5544 3661 5591 l.
3701 5544 3821 5591 XVI

567 5630 645 5675 tit.
691 5625 745 5675 11
791 5627 852 5676 de
889 5628 1162 5689 episcopali
1201 5628 1388 5677 iudicio
1430 5627 1495 5689 (v.
1539 5629 1733 5676 Haenel
1770 5628 1832 5675 de
1868 5632 2026 5677 const.
2069 5628 2316 5677 Sirmondi
2356 5645 2402 5691 p.
2439 5629 2547 5691 16).

708 5713 789 5776 72)
836 5714 913 5761 De
950 5715 1224 5774 patrocinio
1260 5715 1389 5776 quod
1427 5715 1624 5763 Ablavii
1665 5718 1816 5762 forma
1850 5716 2054 5763 barbara
2091 5716 2220 5777 apud
2259 5716 2496 5778 quosdam
2537 5717 2666 5764 viros
2704 5716 2871 5765 doctos
2909 5722 3052 5764 nacta
3089 5723 3166 5765 est
3201 5721 3252 5763 et
3287 5717 3350 5763 de
3389 5717 3679 5779 veriloquiis
3715 5718 3825 5765 eius

570 5801 790 5848 vocabuli
828 5813 957 5862 quae
995 5800 1232 5848 dicuntur
1269 5799 1494 5850 Gothicis
1529 5800 1804 5848 humanum
1842 5807 1919 5848 est
1956 5805 2137 5850 tacere.
