4882 6775
2012 491 2313 549 GETICA.
3669 498 3695 557 1
3717 497 3789 557 17

550 682 786 747 ‘siste’.
882 682 982 747 his
1027 682 1264 748 auditis
1310 702 1504 767 aegre
1549 683 1697 748 tulit
1741 683 2184 748 Theodoridus
2230 690 2767 767 compacatusque
2822 702 2964 747 cum
3010 682 3222 748 citeris
3267 683 3567 767 gentibus
3612 704 3795 749 arma
3839 679 4049 745 XLIV

543 786 737 852 movit
779 786 847 849 in
892 786 1175 867 Suavos,
1230 787 1769 869 Burgundzonum
1831 806 2081 869 quoque
2130 786 2583 851 Gnudiuchum
2631 794 2694 852 et
2739 785 3132 871 Hilpericum
3186 805 3375 868 reges
3420 786 3795 851 auxiliarios

542 887 786 953 habens
847 889 1097 971 sibique
1158 889 1442 955 devotos.
1551 896 1808 955 ventum
1869 897 1967 955 est
2032 890 2118 954 ad
2177 897 2498 956 certamen
2565 890 2746 955 iuxta
2805 872 3390 969 flumen'i‘Vlbium,
3461 889 3572 970 qui
3626 890 3790 954 inter
3834 889 3961 951 232
4043 880 4096 929 ><
4137 867 4390 999 111Γίοέ

541 991 902 1057 Asturicam
948 992 1403 1075 Hiberiamque
1464 999 1880 1077 pretermeat,
1948 999 2360 1076 consertoque
2405 993 2650 1077 proelio
2705 990 3145 1057 Theoderidus
3192 1012 3334 1057 cum
3381 992 3784 1075 Vesegothis,

477 1116 503 1154 5
542 1094 650 1176 qui
697 1115 774 1160 ex
820 1096 993 1160 iusta
1036 1102 1215 1179 parte
1262 1097 1629 1179 pugnabat,
1702 1097 1903 1162 victor
1947 1096 2256 1173 efficitur,
2333 1097 2689 1161 Suavorum
2735 1102 2927 1179 gente
2974 1115 3139 1179 pene
3186 1101 3415 1160 cuncta
3460 1115 3662 1178 usque
3709 1094 3794 1160 ad

542 1197 956 1262 internicione
1011 1206 1444 1281 prosternens.
1554 1219 1819 1281 quorum
1880 1220 1993 1264 rex
2040 1199 2353 1263 Riciarius
2410 1198 2634 1265 relicta
2689 1198 2927 1263 infesta
2972 1197 3153 1262 hoste
3199 1196 3458 1280 fugiens
3515 1198 3583 1262 in
3626 1218 3793 1263 nave

545 1300 916 1367 conscendit
970 1302 1369 1385 adversaque
1416 1303 1699 1386 procella
1743 1302 2016 1386 Tyrreni
2076 1302 2258 1366 hoste
2316 1322 2730 1386 repercussus
2775 1300 3286 1385 Vesegotharum
3351 1308 3450 1366 est
3495 1301 3794 1367 manibus

542 1402 853 1467 redditus.
946 1404 1333 1469 miserabilis
1378 1426 1502 1469 non
1547 1405 1761 1471 differt
1802 1412 2089 1485 mortem,
2145 1425 2286 1470 cum
2333 1406 2652 1469 elementa
2695 1402 3058 1468 mutaverit.
3152 1402 3594 1470 Theoderidus
3638 1424 3791 1469 vero
3839 1403 3963 1467 233

545 1504 749 1569 victor
794 1506 1076 1572 existens
1124 1508 1405 1573 subactis
1450 1508 1739 1592 pepercit
1765 1528 1884 1573 nec
1915 1509 2084 1572 ultra
2114 1507 2463 1573 certamine
2496 1507 2744 1572 saevire
2775 1507 3083 1591 permisit,
3138 1527 3500 1590 preponens
3531 1505 3788 1588 Suavis,

444 1630 503 1668 ιο
543 1628 700 1690 0000
747 1609 1109 1690 subegerat,
1166 1610 1461 1675 clientem
1508 1611 1827 1694 proprium
1886 1611 2143 1675 nominc
2187 1610 2618 1694 Agrivulfum.
2713 1611 2821 1693 qui
2865 1610 2929 1673 in
2976 1609 3155 1674 brevi
3200 1602 3416 1674 animu
3460 1610 3795 1694 praevari-

541 1711 788 1776 catione
836 1713 1189 1777 Suavorum
1238 1713 1647 1779 suasionibus
1694 1720 2091 1778 commutans
2147 1713 2435 1796 neglexit
2477 1713 2796 1797 imperata
2839 1713 3155 1797 conplere,
3208 1713 3420 1797 potius
3464 1713 3793 1796 tyrranica

541 1813 817 1879 elatione
874 1816 1252 1899 superbiens
1298 1817 1694 1899 credensque
1756 1836 1826 1881 se
1888 1836 1969 1881 ea
2027 1816 2259 1881 virtute
2315 1816 2712 1901 provinciam
2772 1816 3091 1897 obtinere,
3174 1836 3303 1897 qua
3362 1816 3602 1881 dudum
3649 1836 3792 1881 cum

541 1915 793 1980 domino
840 1935 956 1982 suo
1004 1938 1082 1983 ea
1128 1918 1497 2002 subigisset.
1593 1920 1689 1984 vir
1745 1919 1800 1983 si
1843 1919 2104 2002 quidem
2152 1926 2290 1984 erat
2334 1920 2686 1984 Varnorum
2748 1919 2945 2003 stirpe
2992 1919 3285 2001 genitus,
3339 1919 3531 2001 longe
3576 1940 3616 1983 a
3662 1919 3794 1984 Go-

541 2019 691 2083 thici
740 2021 1075 2103 sanguinis
1119 2022 1450 2087 nobilitate
1509 2022 1855 2101 seiunctuS,
1908 2022 2142 2086 idcirco
2199 2041 2318 2086 nec
2363 2022 2726 2086 libertatem
2789 2022 3055 2086 studens
3114 2042 3234 2087 1100
3277 2029 3545 2106 patrono
3599 2021 3791 2087 fidem

441 2145 501 2184 15
541 2142 903 2187 reservans
998 2144 1122 2207 quo
1184 2131 1484 2209 conperto
1531 2124 1976 2190 Theodoridus
2037 2144 2183 2189 mox
2243 2132 2464 2190 contra
2524 2146 2691 2205 eum,
2758 2125 2863 2208 qui
2923 2145 3067 2189 eum
3129 2125 3211 2189 de
3271 2144 3469 2208 regno
3515 2145 3789 2209 pervaso
3836 2127 3961 2191 234

541 2224 880 2305 deicerent,
950 2226 1316 2291 destinavit.
1412 2227 1522 2310 qui
1580 2227 1911 2292 venientes
1973 2227 2110 2292 sine
2172 2247 2349 2292 mora
2412 2227 2481 2291 in
2543 2227 2746 2311 primo
2806 2247 2950 2292 eum
3005 2228 3353 2292 certamine
3415 2234 3793 2312 superantes

539 2348 883 2411 congruam
930 2328 1238 2394 factorum
1286 2330 1425 2396 eius
1470 2330 1552 2394 ab
1599 2350 1675 2394 eo
1720 2330 2059 2414 exigerunt
2105 2330 2435 2395 ultionem.
2533 2338 2759 2415 captus
2803 2350 3078 2414 namque
3125 2337 3190 2396 et
3249 2349 3507 2395 suorum
3554 2330 3793 2397 solacio
3873 2317 3887 2329 ⁸

538 2430 883 2497 destitutus
930 2431 1138 2516 capite
1184 2434 1503 2517 plectitur,
1557 2433 1884 2516 sensitque
1928 2432 2190 2498 tandem
2234 2433 2490 2515 iratum,
2544 2433 2654 2515 qui
2696 2433 3038 2518 propitium
3073 2433 3400 2499 dominum
3431 2434 3796 2499 crediderat

539 2534 1099 2599 contemnendum.
1191 2542 1343 2601 tunc
1389 2536 1590 2601 Suavi
1648 2537 1909 2602 rectoris
1973 2536 2073 2602 sui
2124 2536 2449 2602 interitum
2510 2543 2884 2602 contuentes
2943 2537 3221 2602 locorum
3284 2538 3650 2603 sacerdotes
3708 2538 3793 2602 ad

432 2659 497 2700 120
538 2637 1011 2703 Theoderidum
1059 2638 1384 2723 supplices
1417 2640 1807 2705 direxerunt.
1889 2658 2047 2723 quos
2092 2639 2205 2704 ille
2236 2639 2588 2723 pontificali
2635 2640 2994 2704 reverentia
3024 2639 3385 2724 suscipiens
3429 2660 3555 2705 non
3586 2641 3791 2706 solum

539 2739 958 2823 inpunitatem
1005 2740 1357 2805 Suavorum
1416 2742 1717 2823 indulsit,
1780 2743 1896 2807 sed
1956 2751 2026 2808 ut
2095 2742 2217 2807 sibi
2276 2743 2355 2807 de
2411 2763 2528 2808 suo
2585 2763 2824 2826 genere
2889 2741 3247 2826 principem
3308 2743 3785 2819 constituerent,

536 2841 742 2907 flexus
803 2844 1040 2928 pietate
1098 2845 1436 2911 concessit.
1531 2845 1698 2929 quod
1760 2853 1823 2910 et
1882 2844 2122 2910 factum
2182 2853 2315 2926 est,
2381 2853 2447 2912 et
2497 2845 3010 2910 Bimismundum
3071 2844 3193 2910 sibi
3242 2844 3442 2910 Suavi
3499 2846 3794 2928 regulum

706 3276 759 3322 H
781 3276 825 3322 Ρ
856 3276 896 3322 V
919 3275 961 3322 L
986 3274 1030 3321 A
1062 3275 1103 3322 O
1135 3276 1327 3336 (incipit
1351 3274 1382 3323 4
1409 3280 1752 3338 consertoque)
1785 3277 1827 3323 B
1851 3278 1899 3324 X
1928 3277 1992 3336 (Y
2015 3279 2094 3339 Z).

709 3465 730 3513 1
772 3479 916 3525 aegre
953 3462 1091 3532 mut]
1129 3466 1187 3527 B,
1230 3466 1323 3514 hec
1358 3468 1555 3514 rettulit
1588 3466 1700 3529 ΗΡ,
1742 3467 1866 3515 haec
1901 3467 2077 3514 retunt
2109 3466 2351 3528 VAxrz,
2392 3467 2487 3515 hec
2523 3468 2699 3514 retunt
2735 3453 2799 3513 ι’
3055 3467 3375 3516 theoderidus
3409 3467 3602 3525 Vaxr.
3646 3470 3795 3518 theo-

530 3553 719 3601 doritus
755 3553 801 3598 B
1043 3560 1461 3615 compagatusque
1499 3553 1568 3612 H,
1608 3557 2034 3615 cumpacatusque
2072 3553 2117 3600 A
2364 3549 2559 3618 citeris]
2595 3553 2706 3614 ΗΡ,
2756 3555 2935 3601 ceteris
2972 3555 3059 3601 rel.
3310 3605 3314 3608 Α
3345 3551 3375 3600 2
3413 3567 3595 3601 000000
3631 3553 3721 3601 LA

530 3638 908 3699 burgudzonum
934 3639 996 3700 X,
1035 3639 1452 3698 bungundionum
1479 3639 1562 3700 B¹,
1605 3639 2011 3699 burgundionum
2038 3636 2151 3686 AB2
2357 3635 2724 3705 gnndiuchum]
2763 3637 3106 3701 HPVLXYZ,
3149 3639 3453 3700 gnndiacum
3490 3640 3549 3698 Β,
3593 3655 3791 3702 3110110·-

531 3725 791 3773 diuehium
831 3727 873 3770 A
1083 3725 1434 3786 hihperiehum
1475 3725 1518 3772 L
1760 3724 1790 3773 3
1828 3726 2042 3774 fluuium
2081 3725 2126 3772 Β
2334 3721 2559 3791 albium]
2595 3711 3009 3790 HPvaAxrz,
3052 3726 3263 3773 usbium
3302 3724 3392 3784 tf,
3434 3727 3635 3775 urbium
3675 3726 3720 3773 Β

531 3808 641 3877 001]
690 3811 819 3872 quod
859 3812 901 3857 A
1181 3811 1211 3859 4
1250 3813 1507 3859 astoricam
1545 3811 1605 3872 L,
1658 3813 1897 3860 asturiam
1934 3812 1979 3858 A
2259 3817 2584 3873 consertoque
2627 3809 2717 3872 O‘,
2775 3818 3003 3859 conserto
3040 3812 3085 3859 A
3363 3812 3684 3861 theodoridus
3728 3814 3785 3874 Z,

530 3898 839 3946 theodoritus
881 3896 970 3943 OB
1203 3898 1232 3945 5
1268 3899 1414 3945 iuxta
1450 3897 1589 3945 VAY
1814 3899 2109 3960 pugnabant
2145 3898 2190 3945 A
2400 3893 2690 3962 suanorum]
2726 3910 2995 3945 suenorum
3035 3899 3098 3957 A,
3141 3910 3346 3946 suorum
3386 3897 3428 3945 L
3638 3907 3790 3959 gente

531 3999 582 4046 p.
623 3980 825 4049 cuncta]
861 3983 1066 4043 HPVL,
1120 3989 1319 4044 gentem
1357 3985 1452 4046 hic,
1505 3997 1635 4045 pene
1670 3989 1899 4033 cunctam
1933 3989 2045 4045 post
2080 3985 2478 4031 internecionem
2515 3983 2720 4030 collocat
2757 3983 2818 4043 A,
2873 3988 3049 4043 gentes
3083 3997 3136 4045 p.
3177 3989 3384 4031 cunctas
3426 3983 3532 4046 OB,
3589 3993 3791 4045 gentem

531 4084 660 4134 pene
706 4071 758 4130 Y,
799 4076 999 4130 gentem
1036 4083 1167 4132 pene
1202 4075 1359 4117 totam
1398 4070 1486 4116 ΧΖ
1761 4069 1822 4117 ad
1858 4083 1953 4118 om.
1983 4069 2025 4117 L
2328 4070 2358 4118 6
2395 4065 2761 4135 internicione]
2798 4069 2909 4126 ΗΡ,
2950 4070 3276 4118 internitione
3311 4070 3365 4130 V,
3405 4072 3788 4120 internitionem

535 4156 734 4205 LOBY.
773 4157 1165 4204 internetionem
1204 4156 1265 4214 X,
1307 4157 1704 4204 internecionem
1742 4157 1787 4202 A
2047 4157 2275 4204 riciarius
2311 4171 2406 4204 om.
2439 4158 2483 4203 A
2745 4156 2918 4203 relicto
2956 4156 3141 4202 AXYZ
3399 4157 3590 4206 infesta
3625 4153 3791 4224 hoste]

531 4242 687 4305 HPL,
729 4244 873 4290 hoste
910 4242 1093 4291 infesta
1127 4241 1177 4301 V,
1220 4243 1406 4290 infesta
1443 4242 1632 4290 hostem
1677 4241 1732 4304 O,
1773 4242 1959 4289 infesto
1996 4242 2140 4290 hoste
2178 4241 2378 4299 AXYZ,
2418 4243 2610 4291 infecta
2647 4243 2855 4290 uictoria
2892 4242 3085 4289 hostem
3127 4241 3169 4288 B
3441 4244 3500 4290 in
3535 4256 3631 4292 om.
3678 4244 3717 4290 A

530 4324 682 4395 naue]
730 4327 935 4390 HPVL,
997 4342 1177 4376 nauem
1215 4326 1361 4375 AOX
1374 4326 1422 4389 Y,
1484 4329 1655 4375 nanim
1692 4327 1737 4374 Β
2013 4326 2040 4374 7
2082 4341 2181 4389 000
2217 4341 2315 4375 om.
2361 4327 2403 4375 O
2682 4323 2893 4394 tyrreni]
2941 4328 3090 4375 Durii
3133 4327 3348 4376 01000100
3625 4325 3792 4395 hoste]

532 4413 926 4473 HPVLAXYZ,
966 4414 1144 4462 hostiis
1186 4413 1247 4472 O,
1287 4415 1402 4462 ostii
1440 4413 1486 4460 B
1693 4414 2009 4475 reperculsus
2048 4413 2092 4460 B
2298 4413 2695 4474 uuisigothorum
2737 4412 2873 4459 XYZ
3082 4427 3213 4462 man.
3257 4419 3336 4461 est
3371 4413 3416 4459 A
3627 4413 3656 4463 8
3695 4417 3788 4463 mi·

529 4502 705 4549 rabiles
741 4513 839 4548 1100
876 4500 1120 4548 differens
1162 4498 1232 4558 O,
1287 4499 1619 4547 miserabilem
1656 4513 1754 4548 non
1790 4499 2031 4547 differens
2068 4500 2112 4547 Β
2389 4495 2528 4566 00111]
2574 4499 2694 4547 dum
2733 4501 2776 4546 A
3055 4499 3307 4548 elementa
3344 4506 3482 4548 muta
3518 4503 3794 4550 mutauerit

532 4588 666 4635 XYZ
875 4586 1194 4634 theodoridus
1230 4587 1287 4646 Z,
1333 4586 1642 4634 theodoritus
1668 4586 1727 4648 B,
1771 4586 2073 4634 theodoritos
2104 4585 2147 4632 O
2354 4598 2476 4635 uero
2510 4599 2605 4633 om.
2639 4586 2684 4633 A
2893 4584 2924 4634 9
2963 4588 3232 4634 certamina
3262 4587 3367 4646 ΧΥ,
3409 4588 3693 4635 ceruamina
3726 4586 3784 4649 Ο,
3855 4653 3858 4656 Ἴ

529 4675 646 4721 circi
683 4674 851 4721 omnia
886 4671 930 4719 B
1155 4667 1461 4738 preponens]
1497 4686 1688 4734 ponens
1726 4672 1865 4720 XYZ
2092 4673 2267 4721 sueuis
2304 4671 2348 4718 A
2592 4670 2654 4720 10
2694 4673 2973 4720 subiecerat
3017 4671 3105 4719 OB
3313 4686 3473 4734 propr.
3516 4686 3648 4722 nom.
3689 4688 3784 4721 om.

537 4759 627 4807 OB
893 4758 1156 4806 acliulfum
1201 4757 1305 4816 OB,
1348 4759 1676 4806 athliuuli'um
1714 4758 1819 4820 ΧΥ,
1864 4758 2172 4806 athiuulfum
2215 4758 2257 4804 Z
2521 4755 2716 4825 animu]
2753 4758 2958 4819 HPVL,
3000 4772 3134 4806 annu
3179 4757 3236 4814 0,
3279 4759 3501 4805 animum
3540 4758 3728 4806 ABXY

530 4846 874 4907 preuationem
910 4843 970 4905 L,
1011 4845 1402 4907 prenaricatores
1445 4845 1505 4904 O,
1547 4846 1920 4905 praeuaricator
1956 4858 2020 4892 ex
2059 4843 2101 4889 B
2339 4843 2394 4892 11
2437 4858 2707 4892 suenorum
2747 4844 2792 4891 A
3001 4845 3291 4891 suasinibns
3325 4843 3371 4891 L
3579 4847 3791 4908 neglesit

533 4932 576 4978 P
823 4931 1069 4989 tyrranica
1112 4932 1196 4990 (010
1233 4930 1343 4990 ΗΡ)
1386 4931 1604 4978 01011000
1641 4931 1939 4991 superbiens
1983 4931 2300 4992 (superuiens
2339 4927 2486 4998 PV)]
2522 4931 2775 4978 tirannide
2822 4931 3149 4988 (tyrannidem
3186 4930 3247 4993 B)
3292 4933 3658 4992 superueniens
3702 4931 3792 4979 OB

534 5015 595 5065 12
631 5012 909 5081 prouincia]
946 5017 1217 5078 pronuntia
1261 5015 1303 5062 O
1581 5022 1818 5078 optenere
1861 5014 1903 5062 O
2180 5011 2299 5082 000]
2334 5018 2452 5078 quia
2490 5015 2548 5077 L,
2592 5030 2743 5078 quam
2783 5017 2825 5062 A
3126 5015 3187 5065 13
3225 5013 3306 5082 00]
3341 5031 3452 5065 eam
3487 5017 3727 5065 AOBXY

530 5100 822 5169 subigisset]
860 5102 1016 5161 HPV,
1071 5104 1355 5162 subegisset
1390 5101 1639 5162 LAXYZ,
1695 5103 1996 5151 subiecisset
2037 5102 2126 5149 OB
2403 5098 2507 5168 uir]
2543 5109 2603 5150 ut
2643 5101 2734 5149 OB
3012 5117 3317 5151 uuarnorum
3359 5102 3467 5162 OB,
3508 5117 3788 5152 narmorum

535 5188 671 5236 ΧΥΖ
949 5188 1144 5248 gothice
1182 5190 1389 5249 0003010
1431 5187 1473 5234 O
1755 5186 1817 5236 14
1851 5188 2137 5236 libertetem
2176 5188 2232 5250 P,
2275 5190 2498 5237 libertati
2540 5188 2635 5236 AB
2919 5188 2979 5237 15
3015 5186 3304 5257 reseruans]
3341 5204 3546 5238 seruans
3583 5190 3721 5238 AOB

529 5275 849 5324 theoderidus
894 5274 1040 5336 VXY,
1090 5275 1399 5323 theodoritus
1444 5274 1533 5321 OB
1808 5288 2078 5336 peruasum
2119 5273 2162 5322 L
2469 5274 2532 5324 16
2567 5274 2855 5323 deiecerant
2896 5273 2938 5321 L
3220 5274 3277 5324 17
3318 5289 3507 5337 000300
3545 5275 3632 5338 L⁰,
3674 5291 3793 5325 con-

529 5375 650 5422 grua
685 5348 755 5408 L⁶
998 5358 1079 5427 00]
1116 5376 1143 5408 0
1186 5360 1227 5407 O
1477 5357 1769 5426 exigerunt]
1807 5361 1962 5422 HPV,
2006 5363 2245 5408 exierunt
2280 5361 2338 5416 L,
2383 5366 2663 5421 exegerunt
2702 5358 2980 5422 AOBX2Y,
3022 5364 3287 5422 exigerent
3322 5363 3388 5409 X¹
3634 5363 3790 5412 ultio-

532 5442 670 5513 nem]
704 5447 979 5495 uindictam
1020 5447 1064 5493 A
1341 5448 1518 5496 salatio
1559 5445 1602 5493 O
1901 5445 1960 5495 18
1999 5447 2344 5508 complectitur
2379 5448 2427 5494 X
2704 5453 2803 5510 qu‘e
2840 5461 2936 5495 om.
2970 5446 3111 5494 AOB
3394 5446 3456 5497 19
3493 5451 3638 5497 sueni
3676 5451 3722 5497 A

528 5535 705 5581 rectori
737 5532 780 5579 O
991 5531 1056 5582 20
1093 5532 1387 5581 theoderidu
1425 5533 1478 5595 V,
1519 5533 1866 5582 theodoridum
1897 5533 1955 5591 Z,
1996 5532 2336 5581 theodoritum
2365 5533 2456 5580 OB
2663 5534 2901 5582 direxerit
2933 5531 3021 5595 0⁶¹,
3064 5534 3303 5582 dixerunt
3339 5534 3380 5580 V
3583 5534 3641 5583 21
3681 5540 3791 5596 post

527 5620 864 5680 inpunitatem
902 5619 1064 5666 littera
1101 5634 1245 5667 erasa
1282 5620 1336 5666 H
1609 5615 1902 5684 suanorum]
1939 5633 2209 5668 suenorum
2248 5621 2306 5680 A,
2369 5633 2573 5667 suorum
2610 5619 2653 5667 L
2933 5615 3014 5686 ut]
3050 5625 3102 5668 et
3137 5627 3196 5668 ut
3233 5620 3391 5681 AOB,
3447 5626 3506 5669 01
3542 5626 3594 5668 01
3631 5621 3677 5667 Χ
3686 5621 3725 5668 Υ

529 5705 886 5753 constituerint
925 5704 984 5766 O,
1027 5706 1402 5754 constituerunt
1439 5706 1481 5751 A
1778 5703 1843 5753 22
1884 5706 2019 5754 flexu
2060 5705 2101 5751 V
2373 5705 2772 5755 remismundum
2817 5705 2923 5766 OB,
2964 5706 3335 5755 remissundum
3384 5705 3482 5767 YZ,
3523 5707 3787 5754 remissum

527 5792 649 5840 dum
687 5792 735 5839 X
942 5793 1094 5839 sueni
1132 5790 1177 5837 A
