4882 6775
1023 544 1033 552 .
1137 486 1219 556 58
2587 483 2950 547 IORDANIS

993 678 1090 744 III
1135 680 1370 747 etenim
1428 678 1496 746 in
1557 677 1842 748 secundo
1901 676 2002 746 sui
2060 678 2271 766 operis
2323 678 2487 746 libro
2534 677 2845 748 Claudius
2890 678 3289 761 Ptolomeus,
3355 676 3529 745 orbis
3574 685 3783 745 terrae
3829 674 4167 764 discriptor
4210 695 4391 763 egre-

1134 785 1315 868 gius,
1387 785 1679 851 meminit
1735 785 1993 851 dicens:
2054 789 2154 850 est
2211 784 2278 849 in
2324 783 2567 851 Oceani
2612 784 2810 850 arctoi
2855 784 2994 849 salo
3039 783 3253 868 posita
3288 783 3512 877 ‚insula
3554 802 3826 866 magna,
3891 783 4147 848 nomine
4193 782 4392 847 Scan-

1133 888 1258 953 dza
1278 892 1348 973 ¹),
1413 888 1481 952 in
1537 887 1796 953 modum
1848 886 1988 952 folii
2033 887 2226 970 cetri,
2288 888 2601 953 lateribus
2644 887 2915 972 pandis,
2982 907 3097 972 per
3140 887 3403 970 longum
3449 886 3643 951 ducta
3686 885 4079 951 concludens
4125 905 4218 951 se.
4312 886 4390 951 de

1132 1012 1262 1074 qua
1321 998 1387 1058 et
1443 990 1829 1074 Pomponius
1881 990 2055 1055 Mela
2112 990 2178 1055 in
2238 990 2434 1055 maris
2494 990 2639 1055 sinu
2697 989 2961 1057 Codano
3019 989 3293 1074 positam
3352 988 3549 1054 refert
3565 992 3651 1072 2),
3718 989 3900 1054 cuius
3954 988 4130 1073 ripas
4186 986 4390 1053 influit

1017 1097 1087 1156 17
1138 1093 1455 1160 Oceanus,
1549 1093 1712 1159 haec
1769 1116 1812 1159 a
1868 1093 2077 1159 fronte
2135 1094 2345 1179 posita
2403 1101 2505 1160 est
2549 1093 2839 1158 Vistulae
2894 1091 3214 1174 fluminis,
3282 1092 3390 1175 qui
3436 1092 3807 1157 Sarmaticis
3852 1093 4175 1157 montibus
4220 1099 4389 1156 ortus
4425 1115 4448 1153 5

1132 1196 1199 1261 in
1245 1204 1589 1282 conspectu
1635 1196 1968 1261 Scandzae
2016 1196 2502 1281 septentrionali
2548 1195 2807 1261 Oceano
2853 1195 3157 1260 trisulcus
3201 1194 3529 1275 inlabitur,
3583 1194 3997 1262 Germaniam
4029 1194 4390 1278 Scythiam-

1131 1318 1257 1381 que
1324 1298 1803 1365 disterminanS.
1896 1299 2061 1364 haec
2129 1319 2283 1381 ergo
2348 1298 2548 1364 habet
2611 1300 2694 1364 ab
2762 1297 3005 1363 oriente
3065 1297 3500 1362 vastissimum
3560 1298 3768 1363 lacum
3828 1298 3894 1362 in
3957 1298 4129 1363 orbis
4185 1304 4389 1362 terrae

1132 1403 1397 1485 gremio,
1450 1402 1620 1467 unde
1665 1402 1833 1485 Vagi
1876 1400 2111 1467 fluvius
2157 1403 2335 1468 velut
2377 1402 2658 1484 quodam
2704 1409 2966 1467 ventrae
3011 1407 3357 1485 generatus
3400 1400 3469 1465 in
3513 1401 3838 1466 Oceanum
3882 1401 4173 1466 undosus
4218 1401 4391 1464 evol-

1132 1504 1323 1570 vitur.
1419 1505 1502 1570 ab
1563 1505 1893 1572 occidente
1953 1526 2230 1588 namque
2275 1506 2572 1570 inmensu
2616 1507 2850 1590 pelago
2896 1503 3364 1586 circumdatur,
3430 1525 3472 1569 a
3516 1504 3950 1588 septentrione
3996 1523 4248 1587 quoque
4291 1503 4389 1567 in-

1129 1608 1489 1692 navigabili
1533 1609 1759 1675 eodem
1805 1609 2172 1674 vastissimo
2218 1608 2619 1675 concluditur
2648 1609 2926 1689 Oceano,
2982 1628 3062 1673 ex
3108 1627 3233 1692 quo
3277 1606 3462 1689 quasi
3508 1607 3785 1691 quodam
3816 1606 4077 1672 brachio
4108 1606 4380 1685 exiente,
4426 1629 4478 1669 ιο

1012 1713 1088 1775 18
1135 1711 1279 1776 sinu
1323 1710 1623 1785 distento,
1676 1712 2128 1777 Germanicum
2176 1733 2352 1777 mare
2398 1711 2696 1777 efficitur.
2793 1712 2900 1777 ubi
2946 1711 3141 1777 etiam
3186 1731 3428 1796 parvae
3472 1710 3769 1792 quidem,
3823 1710 3939 1776 sed
3983 1711 4203 1795 plures
4246 1730 4389 1795 per-

1129 1814 1433 1879 hibentur
1489 1815 1743 1880 insulae
1802 1835 1946 1881 esse
2006 1815 2393 1899 dispositae,
2459 1816 2546 1881 ad
2605 1835 2769 1897 quas
2831 1815 2886 1879 si
2945 1814 3282 1897 congelato
3337 1814 3500 1878 mari
3559 1816 3638 1878 ob
3692 1814 3956 1878 nimium
4005 1813 4213 1897 frigus
4257 1813 4388 1898 lupi

1129 1917 1535 1997 transierint,
1603 1918 1952 1984 luminibus
2014 1918 2303 1984 feruntur
2360 1919 2595 1985 orbari.
2688 1919 2780 1984 ita
2824 1939 2952 1983 non
2999 1918 3205 1983 solum
3251 1916 3663 2001 inhospitalis
3708 1917 4106 1999 hominibus,
4171 1938 4387 1982 verum

1014 2024 1085 2084 19
1133 2021 1328 2086 etiam
1372 2020 1584 2086 beluis
1628 2029 1802 2086 terra
1845 2021 2127 2087 crudelis
2173 2029 2293 2087 est.
2387 2022 2454 2087 in
2502 2021 2797 2087 Scandza
2840 2042 2991 2086 vero
3035 2021 3280 2102 insula,
3341 2019 3512 2084 unde
3557 2020 3741 2084 nobis
3787 2039 3995 2085 sermo
4042 2026 4173 2101 est,
4242 2020 4387 2084 licet

1129 2124 1369 2189 multae
1428 2132 1494 2190 et
1550 2124 1847 2191 diversae
1908 2132 2212 2191 maneant
2269 2125 2598 2206 nationes,
2665 2131 2909 2210 septem
2971 2132 3185 2189 tamen
3243 2141 3459 2188 eorum
3521 2123 3781 2188 nomina
3838 2123 4126 2189 meminit
4176 2124 4388 2189 Ptole·
4427 2145 4478 2184 ιε,

1128 2248 1353 2293 maeus
1374 2230 1448 2311 ³).
1535 2228 1752 2312 apium
1799 2228 1889 2293 ibi
1934 2228 2124 2294 turba
2164 2228 2469 2294 mellifica
2525 2228 2605 2293 ob
2664 2227 2932 2292 nimium
2978 2227 3216 2311 frigore
3264 2247 3581 2309 nusquam
3628 2226 4003 2312 repperitur.
4094 2226 4161 2291 in
4207 2222 4387 2291 cuius

1126 2337 1308 2416 parte
1365 2338 1585 2396 arctoa
1641 2350 1802 2414 gens
1847 2330 2089 2415 Adogit
2149 2331 2475 2413 consistit,
2544 2352 2710 2415 quae
2771 2330 2970 2397 fertur
3021 2329 3088 2394 in
3134 2336 3383 2395 aestate
3429 2312 3644 2394 media
3686 2329 4120 2413 quadraginta
4164 2329 4389 2395 diebus

1126 2441 1194 2499 et
1250 2434 1545 2500 noctibus
1590 2434 1769 2500 luces
1814 2434 2052 2500 habere
2099 2434 2469 2514 continuas,
2533 2434 2815 2518 itemque
2866 2433 3143 2498 brumali
3186 2437 3471 2518 tempore
3518 2432 3743 2497 eodem
3789 2432 4034 2497 dierum
4080 2432 4389 2498 noctium-

1003 2539 1085 2601 20
1130 2555 1257 2619 que
1300 2556 1564 2602 numero
1609 2538 1753 2603 luce
1798 2538 1975 2603 clara
2017 2536 2289 2602 nescire.
2400 2537 2495 2601 ita
2538 2537 2853 2602 alternato
2900 2554 3146 2601 merore
3194 2555 3335 2600 cum
3380 2535 3620 2618 gaudio
3665 2535 3963 2601 benificio
4007 2535 4159 2600 aliis
4205 2532 4387 2600 dam*-

1127 2659 1337 2723 noque
1393 2640 1603 2724 impar
1660 2648 1781 2706 est.
1875 2649 1940 2706 et
1997 2640 2118 2705 hoc
2176 2645 2420 2722 quare?
2486 2640 2639 2723 quia
2700 2639 3155 2724 prolixioribus
3210 2638 3443 2704 diebus
3503 2639 3705 2705 solem
3765 2639 3851 2704 ad
3907 2638 4214 2704 orientem
4275 2659 4387 2723 per
4422 2657 4478 2699 ιο

1125 2742 1270 2807 axis
1314 2742 1670 2825 marginem
1715 2742 1939 2808 vident
1981 2742 2377 2826 redeuntem,
2429 2742 2827 2808 brevioribus
2872 2763 3025 2808 vero
3069 2762 3195 2807 non
3241 2742 3335 2807 sic
3379 2742 3772 2826 conspicitur
3814 2740 3990 2826 apud
4033 2742 4218 2825 illos,
4273 2742 4384 2807 sed

1125 2844 1337 2927 aliter,
1389 2845 1546 2929 quia
1588 2844 1892 2911 austrinis
1940 2836 2152 2929 signis'
2189 2846 2532 2931 percurrit,
2585 2853 2652 2911 et
2694 2845 2867 2929 quod
2911 2844 3097 2910 nobis
3141 2844 3398 2910 videtur
3440 2845 3540 2910 sol
3584 2846 3667 2910 ab
3715 2845 3843 2910 imo
3888 2864 4186 2929 surgere,
4240 2846 4385 2911 illos

1298 3071 1355 3117 H
1375 3070 1422 3116 Ρ
1449 3072 1491 3118 V
1511 3071 1555 3119 L
1581 3072 1625 3118 A
1648 3072 1688 3120 S
1715 3070 1798 3133 (14
1824 3074 1879 3120 in
1907 3070 2128 3121 Scandza
2161 3099 2232 3109 —
2272 3071 2334 3120 16
2361 3074 2658 3134 repperitur)
2694 3071 2737 3119 Ο
2767 3073 2957 3134 (incipit
2997 3072 3058 3121 10
3094 3072 3306 3134 brachio)
3343 3072 3387 3120 Β
3415 3072 3461 3118 X
3484 3072 3553 3134 (Y
3577 3073 3657 3131 Z).
3714 3070 3974 3132 &enolfus
4013 3076 4060 3133 1,
4092 3073 4141 3135 9,
4172 3075 4239 3122 25
4274 3069 4385 3138 [16]

1133 3157 1215 3218 (ad
1256 3156 1310 3204 11
1353 3158 1577 3206 efficitur
1610 3184 1680 3193 —-
1714 3172 1747 3205 a
1789 3157 1851 3206 14
1887 3158 1942 3205 in
1980 3159 2245 3220 Scandza).

1304 3276 1324 3325 1
1367 3273 1583 3344 etenim]
1620 3278 1756 3326 enim
1792 3279 1935 3325 ΒΧΥ
2174 3276 2418 3345 secundo]
2457 3279 2702 3327 euicundo
2742 3280 2783 3327 L
3012 3275 3117 3345 sui]
3154 3293 3245 3327 suo
3281 3278 3354 3326 13⁴¹
3584 3278 3775 3327 eladius
3813 3279 3854 3324 A
4086 3277 4386 3345 ptolomeus]

1133 3362 1310 3412 VLAB
1322 3363 1372 3425 Y,
1415 3365 1708 3427 pholomeus
1734 3365 1836 3412 ΗΡ
1859 3366 2016 3427 hee„
2055 3365 2372 3428 phtolomeus
2402 3367 2445 3413 X
2650 3361 2939 3432 discriptor]
2963 3366 3108 3414 HPV
3133 3366 3288 3427 Fece„
3330 3367 3491 3416 deser.
3519 3368 3609 3415 rel.
3821 3365 3851 3415 2
3889 3368 4058 3415 oceani
4085 3363 4260 3433 arctoi]
4295 3354 4377 3426 νῦ,

1123 3452 1298 3498 oceani
1334 3452 1454 3499 rctoi
1486 3449 1579 3510 V‘,
1638 3452 1807 3499 oceani
1833 3453 1996 3499 arctoi
2036 3452 2103 3512 Η,
2161 3454 2332 3501 oceani
2369 3455 2524 3501 arctoi
2567 3453 2683 3514 PL,
2740 3467 2923 3502 oceano
2956 3455 3110 3507 arctoi
3153 3455 3197 3500 Χ
3205 3453 3318 3513 ΥΖ,
3373 3467 3554 3501 oceano
3591 3454 3747 3500 rethoi
3791 3454 3927 3503 Free.
3949 3490 3961 3514 ,
4019 3456 4188 3502 oceani
4225 3461 4383 3502 arctoo

1129 3542 1285 3594 (actoo
1309 3535 1400 3597 13⁶)
1442 3537 1487 3583 B
1719 3538 1822 3586 solo
1859 3537 1954 3585 Ax
2182 3541 2383 3588 nomine
2416 3524 2633 3600 poat'sc.
2679 3541 2723 3587 A
2956 3536 3188 3605 scandza]
3227 3540 3325 3586 ΗΡ
3339 3526 3557 3600 VLAX⁶,
3599 3540 3834 3587 scandiza
3871 3539 3962 3601 Χα,
4004 3531 4235 3588 scandiia
4281 3540 4375 3600 YZ,

1125 3623 1325 3669 scanzia
1363 3622 1404 3667 B
1434 3622 1619 3685 Duae„
1663 3638 1842 3672 muza
1881 3625 2019 3674 b'ree.
2058 3640 2247 3687 semper
2542 3626 2572 3674 3
2612 3622 2761 3693 cetri]
2797 3627 3008 3687 HPVL,
3048 3628 3158 3674 citri
3200 3626 3353 3686 XYZ,
3394 3626 3558 3673 caedri
3597 3626 3755 3684 Free„
3796 3626 3931 3674 cedri
3970 3627 4033 3687 A,
4074 3627 4237 3674 eoedri
4274 3627 4316 3672 Β

1123 3721 1213 3768 per
1247 3707 1451 3768 longum
1487 3705 1658 3776 ducta]
1694 3717 1807 3772 post
1841 3711 2049 3771 longum
2083 3713 2289 3760 ductum
2329 3713 2372 3759 B
2605 3727 2659 3761 se
2695 3713 2758 3761 de
2796 3708 2920 3779 qua]
2956 3720 3035 3760 set
3069 3727 3276 3774 aequam
3317 3713 3356 3759 A
3568 3713 3630 3760 de
3666 3727 3766 3774 qua
3804 3748 3819 3762 .
3850 3749 3863 3761 .
3895 3748 3909 3762 .
3949 3712 3981 3759 4
4019 3714 4169 3760 refert
4204 3727 4299 3760 om.
4341 3714 4381 3759 Β

1124 3794 1153 3841 4
1192 3794 1366 3841 codino
1391 3794 1434 3841 L
1643 3796 1675 3844 5
1709 3797 1933 3845 iustulae
1965 3798 2110 3845 fluuii
2137 3798 2182 3844 B
2368 3795 2487 3864 qui]
2524 3799 2655 3860 quod
2682 3801 2725 3845 A
2910 3802 3142 3847 sarmatis
3168 3800 3212 3845 A
3397 3806 3559 3847 ortum
3586 3800 3648 3861 A,
3677 3813 3775 3848 om.
3806 3799 3849 3845 B
4056 3799 4088 3847 6
4124 3796 4380 3863 scandzae]

1124 3880 1332 3939 HPVX,
1375 3881 1588 3928 scandze
1614 3881 1676 3942 L,
1715 3883 1979 3931 scandziae
2014 3883 2068 3943 Y,
2107 3885 2328 3932 scantiae
2353 3885 2397 3931 Β
2595 3887 2793 3932 occeani
2820 3885 2863 3932 L
3069 3887 3331 3934 trisulcum
3357 3887 3398 3931 A
3611 3884 3638 3932 7
3677 3886 4020 3933 determinans
4050 3885 4093 3931 B
4297 3881 4379 3950 ab]

1122 3966 1182 4013 ad
1220 3966 1313 4012 LX
1324 3965 1363 4011 Y
1564 3969 1807 4017 orientem
1846 3969 1942 4015 ΧΥ
2142 3970 2306 4018 lacum
2341 3984 2441 4019 om.
2489 3970 2621 4017 XYZ
2874 3970 2905 4018 8
2942 3973 3187 4032 gremium
3229 3971 3364 4018 ΧΥΖ
3570 3967 3803 4036 neutrae]
3842 3971 3960 4032 HV,
4001 3980 4181 4020 uentre
4217 3975 4304 4021 rel.

1121 4052 1317 4100 euoluit
1354 4053 1444 4099 ΧΖ
1486 4053 1605 4114 (non
1651 4056 1705 4114 Y)
1991 4055 2023 4104 9
2060 4051 2320 4121 inmenso]
2358 4055 2568 4116 HPVL,
2628 4058 2857 4104 inmenso
2892 4058 2979 4105 rel.
3264 4063 3520 4120 septentro
3559 4059 3601 4104 A
3880 4059 4199 4106 innauicabili
4237 4058 4379 4106 HPV

1125 4137 1187 4186 10
1222 4135 1420 4187 brachio
1456 4144 1679 4187 exeunte
1721 4139 1859 4188 ΟΒΧ
1869 4141 1908 4187 Υ
1933 4142 2091 4203 Free,
2130 4142 2388 4190 brachium
2424 4143 2603 4190 exiens
2630 4143 2671 4189 A
2887 4141 2938 4190 11
2983 4143 3179 4191 ditento
3214 4143 3331 4204 ΗΡ,
3372 4144 3577 4191 detento
3618 4145 3733 4191 Frec
3964 4147 4244 4202 germanico
4270 4145 4311 4191 L

1116 4230 1225 4284 post
1262 4225 1482 4273 efficitur
1518 4226 1646 4287 quod
1682 4229 1904 4274 inserunt
1942 4227 2058 4276 edit.
2098 4228 2183 4275 hic
2219 4233 2392 4287 gentes
2429 4243 2559 4290 quae
2595 4231 2830 4277 carnibus
2866 4235 3067 4277 tantum
3106 4230 3293 4277 uiuunt
3328 4235 3397 4277 est
3435 4232 3491 4279 in
3522 4233 3745 4290 maryae‘ne
3780 4230 3888 4278 cod.
3934 4230 3977 4275 Ο
4202 4226 4376 4294 etiam]

1120 4311 1218 4358 iam
1257 4312 1302 4356 A
1509 4327 1696 4374 prauae
1741 4313 1795 4373 V,
1837 4328 1991 4374 praue
2036 4313 2079 4361 Ο
2257 4315 2491 4390 dquidem
2529 4329 2627 4364 om.
2663 4316 2753 4362 ΟΒ
3000 4315 3061 4365 12
3098 4330 3208 4364 esse
3244 4331 3342 4366 om.
3372 4317 3418 4362 Χ
3429 4317 3467 4363 Y
3670 4331 3795 4378 quas
3835 4313 3906 4382 ai]
3951 4316 4194 4378 VOBXY,
4236 4319 4372 4379 quasi

1118 4397 1232 4458 ΗΡ,
1272 4410 1396 4458 quos
1430 4400 1474 4445 si
1513 4397 1556 4444 L
1826 4401 2019 4448 conlato
2055 4401 2098 4448 L
2256 4405 2310 4423 “³
2375 4399 2444 4449 14
2479 4407 2639 4449 terrae
2675 4402 2734 4464 L,
2777 4407 2907 4450 terre
2951 4401 2994 4448 Ο
3260 4399 3492 4468 scandza]
3529 4403 3782 4465 HPVLX,
3825 4417 4002 4450 scanza
4038 4402 4139 4464 80,
4181 4404 4375 4450 scanzia

1121 4483 1184 4543 B,
1236 4484 1468 4531 scandzia
1513 4484 1595 4531 YZ
1875 4501 1995 4534 uero
2030 4501 2126 4535 om.
2165 4486 2302 4534 SOB
2584 4486 2643 4536 15
2682 4483 2933 4554 nationes]
2982 4489 3263 4537 mansiones
3301 4489 3345 4536 L
3622 4485 3811 4554 tamon]
3856 4494 4050 4538 tantum
4090 4489 4309 4537 LBXYZ

1118 4564 1314 4635 eorum]
1337 4570 1640 4630 HPVSOB,
1673 4585 1842 4619 earum
1867 4572 2008 4619 LAX
2019 4574 2057 4620 Y
2260 4574 2542 4634 ptolomeus
2571 4574 2771 4634 LOBY,
2802 4575 3117 4637 ptholomeus
3153 4575 3290 4638 VSX,
3323 4575 3611 4637 pholomeus
3638 4576 3736 4623 ΗΡ
3945 4575 4008 4623 16
4045 4591 4195 4639 apum
4223 4576 4311 4622 ΒΥ

1119 4651 1321 4720 frigore]
1362 4656 1525 4716 HPV,
1568 4658 1796 4716 frigorem
1835 4659 1891 4718 L,
1935 4660 2097 4717 frigus
2135 4658 2369 4706 ASOBX
2380 4659 2417 4705 Y
2440 4661 2575 4709 Free.
2806 4674 3076 4721 numquam
3117 4660 3270 4723 ΑΒΘ,
3312 4675 3568 4722 nunquam
3607 4661 3651 4709 Β
3898 4662 3955 4711 17
3994 4660 4182 4728 arctoa]
4219 4661 4366 4719 BXY,

1115 4747 1255 4788 artoa
1297 4741 1356 4802 0,
1399 4747 1563 4790 arotoa
1598 4743 1663 4801 Η,
1708 4750 1870 4791 arctoa
1908 4744 2060 4802 PVL,
2102 4746 2305 4793 arcthoa
2344 4747 2477 4794 Free.
2727 4748 2777 4794 in
2815 4761 2910 4795 om.
2955 4748 2996 4792 A
3241 4744 3452 4811 aestate]
3488 4753 3617 4796 state
3660 4748 3703 4794 Ο
3958 4748 4295 4809 quadragenta
4330 4747 4374 4792 P

1121 4825 1182 4875 18
1218 4828 1454 4889 idemque
1498 4829 1541 4875 0
1751 4827 2099 4896 noctiumque]
2135 4836 2187 4878 et
2210 4832 2431 4880 noctium
2470 4833 2513 4877 A
2728 4831 2788 4880 19
2825 4846 3091 4881 numerum
3134 4833 3177 4878 0
3382 4834 3494 4881 lure
3530 4830 3681 4899 clara]
3720 4835 3952 4896 H(‘?)PV,
3994 4835 4157 4882 lucem
4195 4837 4367 4882 claram

1117 4914 1306 4960 AOBX
1320 4913 1357 4959 Y
1560 4911 1774 4981 merore]
1819 4916 1918 4976 VL,
1962 4930 2174 4964 memore
2209 4917 2266 4963 H
2496 4919 2735 4966 beneflcio
2783 4920 2819 4967 V
3060 4918 3125 4967 20
3162 4925 3240 4966 est
3276 4934 3372 4967 om.
3414 4919 3504 4965 ΟΒ
3747 4920 3805 4968 21
3850 4927 3972 4982 aput
4016 4921 4060 4967 P
4086 4923 4369 4983 plerumque

1116 4997 1182 5047 22
1218 4996 1360 5065 quia]
1397 5001 1484 5061 qui
1536 5000 1573 5046 V
1776 5003 2003 5050 austrina
2038 5005 2182 5063 signa
2218 5003 2312 5050 AB
2520 5006 2741 5064 peeurrlt
2783 5004 2826 5050 0
3033 5003 3189 5070 quod]
3226 5007 3312 5067 qul
3355 5005 3444 5053 ΟΒ
3653 5008 3857 5055 uidetur
3892 5021 3989 5056 om.
4021 5007 4064 5054 L

1290 5189 1335 5252 1)
1379 5188 1686 5237 Ptolemaeus
1723 5193 1772 5251 2²,
1819 5195 1895 5254 11,
1938 5193 2035 5240 33.-
2091 5183 2215 5242 Ἀπ’
2256 5188 2522 5243 ἀνατολῶν
2572 5190 2628 5242 δὲ
2674 5196 2769 5260 τῆς
2810 5188 3135 5263 Χερσονήσου
3178 5192 3419 5263 τέσσαρες
3469 5194 3519 5245 αἱ
3562 5192 3877 5263 καλούμεναι
3915 5192 4187 5258 Σκανδίαι,
4237 5201 4365 5267 τρεῖς

1114 5274 1208 5341 μὲν
1234 5271 1427 5344 μικραί,
1470 5311 1484 5325 .
1517 5313 1528 5324 .
1557 5299 1574 5324 1.
1648 5279 1747 5327 3⁴:
1788 5275 1881 5343 μία
1918 5276 1974 5327 δὲ
2011 5275 2220 5347 μεγίστη
2255 5276 2343 5329 καὶ
2378 5275 2798 5346 ἀνατολικωτάτη
2833 5277 2967 5329 κατὰ
3000 5279 3090 5336 τὰς
3128 5279 3347 5348 ἐκβολὰς
3372 5278 3655 5334 (jumnem
3693 5285 3927 5348 ποταμοῦ
3956 5321 3967 5332 .
4003 5321 4014 5332 .
4050 5321 4061 5332 .
4137 5287 4203 5334 35
4226 5302 4241 5330 .·
4278 5301 4363 5333 κα-

1113 5358 1279 5413 λεῖται
1316 5359 1372 5411 δὲ
1411 5358 1552 5418 ἰδίως
1588 5360 1674 5412 καὶ
1710 5360 1839 5432 αὐτὴ
1880 5358 2119 5414 Σκανδία.

1286 5447 1335 5512 2)
1381 5447 1511 5496 Mela
1545 5449 1596 5510 3,
1637 5451 1689 5509 3,
1730 5450 1794 5496 31
1815 5466 1830 5496 .·
1868 5464 2021 5511 super
2058 5451 2224 5498 Albim
2263 5451 2493 5499 Codanus
2530 5453 2707 5512 ingens
2744 5454 2888 5500 sinus
2925 5455 3117 5513 magnis
3156 5456 3423 5516 parvisque
3447 5457 3634 5502 insulis
3661 5457 3880 5503 refertus
3904 5464 4009 5503 est:
4053 5456 4113 5503 de
4149 5457 4362 5504 Scaudio

1112 5539 1285 5581 auctor
1318 5539 1463 5583 tacet.
3092 5549 3095 5552 '

1285 5621 1336 5680 3)
1381 5619 1686 5668 Ptolemaeus
1711 5623 1760 5679 9,
1790 5625 1869 5679 11,
1901 5624 1966 5668 35
2009 5624 2153 5682 (quae
2177 5626 2323 5671 uncis
2347 5623 2599 5684 quade-ntis
2623 5627 2841 5672 concluse·
2868 5626 3010 5673 verba
3036 5631 3339 5674 accesserunt
3377 5642 3434 5673 et
3459 5627 3564 5675 eod.
3602 5628 3705 5675 Vnt.
3742 5631 3853 5689 191)
3892 5634 4002 5689 post
4037 5630 4183 5676 verba
4219 5644 4361 5690 supra

1109 5710 1212 5754 not.
1246 5706 1495 5752 ludham:
1532 5704 1617 5755 καὶ
1654 5705 1954 5774 κατέχουσιν
1992 5707 2146 5774 αὐτῆς
2183 5708 2246 5758 τὰ
2285 5709 2376 5774 μὲν
2415 5707 2593 5758 ‘'rari-tsi
2634 5712 2699 5771 (l)
2737 5707 3003 5771 Χαιὸεινοὶ,
3047 5711 3108 5761 τὰ
3145 5704 3192 5760 δ’
3233 5709 3507 5762 ἀνατολικὰ
3545 5714 3612 5776 (2)
3643 5710 3867 5765 Φαυόναι
3891 5714 3978 5764 καὶ
4010 5717 4075 5775 (3)
4108 5712 4356 5782 Φιραῖσοι,

1109 5789 1195 5858 [τὰ
1230 5789 1287 5842 δὲ
1321 5789 1535 5860 ‹ipat-tad
1575 5792 1644 5852 (4)
1685 5788 1902 5859 Φίννοι],
1943 5793 2004 5844 τὰ
2042 5793 2097 5845 δὲ
2135 5794 2453 5863 μεσημβρινὰ
2495 5799 2561 5858 (ὃ)
2607 5792 2786 5847 Ιόῦται
2823 5797 2908 5847 καὶ
2951 5800 3014 5858 (6)
3060 5793 3364 5860 Δαυκίωνες,
3405 5798 3469 5848 τὰ
3507 5798 3562 5849 δὲ
3601 5801 3730 5866 μέσα
3772 5802 3837 5862 (7)
3884 5797 4130 5852 Αευῶνοι.
