4882 6775
493 1122 518 1158 5

463 1637 518 1675 io

457 2152 514 2190 15

2036 493 2337 549 GE'rch.
3728 497 3809 557 65

731 678 1013 765 Quorum
1071 687 1350 751 studium
1415 672 1538 750 fuit
1597 686 1871 769 primum
1931 685 2099 750 inter
2155 682 2321 750 alias
2373 691 2601 767 gentes
2645 683 2891 748 vicinas
2933 703 3152 747 arcum
3198 682 3544 748 intendere⁴
3573 682 3807 765 nervis,
3854 682 3912 747 -V
3960 686 4041 746 43

561 792 820 854 Lucano
843 793 882 871 ¹)
952 790 1099 873 plus
1158 789 1388 855 storico
1447 809 1636 870 quam
1693 795 1887 873 poeta
1903 791 1949 870 2)
2016 794 2329 853 testante:
2406 786 2903 869 ‘Armeniosque
2962 805 3149 850 arcus
3196 784 3441 850 Geticis
3499 785 3813 851 intendite

567 882 867 957 ‘nervis’.
961 900 1111 956 ante
1172 912 1331 975 quos
1392 892 1585 957 etiam
1633 899 1825 957 cantu
1871 891 2184 956 maiorum
2230 889 2402 955 facta
2447 888 2990 955 modulationibus
3034 888 3425 973 citharisque
3470 888 3803 972 canebant,

559 998 997 1079 Eterpamara,
1035 996 1308 1075 Hanale,
1345 994 1729 1078 Fridigerni‚
1769 993 2109 1077 Vidigoiae
2139 999 2204 1059 et
2231 993 2520 1071 aliorum,
2563 1008 2827 1075 quorum
2856 992 2927 1056 in
2956 992 3081 1057 hac
3108 997 3300 1074 gente
3330 1012 3569 1075 magna
3597 990 3812 1076 opinio

558 1106 684 1182 est,
738 1099 964 1182 quales
1007 1099 1118 1163 vix
1163 1099 1393 1164 heroas
1439 1097 1640 1163 fuisse
1686 1097 1978 1163 miranda
2020 1098 2218 1163 iactat
2260 1085 2633 1180 antiquitas.
2726 1102 2897 1177 tunc,
2951 1102 3023 1160 ut
3065 1094 3289 1175 fertur,
3339 1093 3603 1160 Vesosis
3647 1094 3808 1178 Scy-
3853 1099 3933 1158 44

553 1202 682 1267 this
727 1201 1122 1267 lacrimabile
1168 1201 1294 1266 sibi
1339 1201 1553 1285 potius
1596 1201 1813 1266 intulit
1855 1201 2118 1283 bellum,
2172 1201 2265 1265 eis
2297 1199 2619 1281 videlicet,
2673 1219 2832 1282 quos
2863 1196 3336 1263 Amazonamm
3382 1197 3552 1263 viros
3596 1198 3811 1282 prisca

554 1305 746 1370 tradit
804 1305 1189 1388 auctoritas,
1257 1305 1340 1370 de
1397 1326 1557 1388 quas
1615 1312 1680 1370 et
1738 1304 2012 1382 feminas
2070 1302 2435 1369 bellatrices
2483 1302 2744 1369 Orosius
2784 1302 2858 1367 in
2902 1301 3105 1386 primo
3150 1301 3475 1368 volumine
3520 1300 3813 1385 professa

554 1427 708 1473 voce
738 1414 1011 1473 testatur
1030 1412 1104 1490 ³).
1200 1407 1370 1472 unde
1417 1408 1558 1473 cfim
1593 1407 1822 1472 Gothis
1868 1427 2014 1472 eum
2059 1414 2209 1472 tunc
2252 1407 2597 1473 dimicasse
2642 1405 2975 1472 evidenter
3015 1405 3381 1489 probamus,
3431 1410 3619 1488 quem
3664 1424 3809 1470 cum

557 1514 1025 1576 Amazonamm
1069 1511 1223 1576 viris
1270 1511 1563 1576 absolute
1608 1530 1936 1596 pugnasse
1982 1511 2446 1594 cognoscimus,
2498 1510 2611 1593 qui
2654 1516 2806 1575 tunc
2850 1529 2891 1573 a
2920 1508 3318 1593 Borysthene
3354 1525 3565 1588 amne,
3618 1526 3810 1588 quem

557 1612 814 1680 accolae
859 1615 1232 1699 Danaprum
1292 1604 1552 1696 vocant,
1621 1634 1825 1696 usque
1882 1613 1970 1679 ad
2028 1613 2324 1679 Thanain
2383 1613 2647 1677 fluvium
2708 1613 2877 1679 circa
2933 1612 3143 1676 sinum
3201 1610 3458 1695 paludis
3512 1609 3814 1675 Meotidis

555 1717 1008 1783 consedebant.
1104 1717 1404 1783 Thanain
1448 1737 1600 1782 vero
1645 1717 1815 1782 hunc
1861 1716 2026 1799 dico,
2078 1717 2190 1800 qui
2235 1736 2317 1781 ex
2347 1715 2613 1800 Ripheis
2659 1714 2979 1780 montibus
3025 1713 3309 1779 deiectus
3345 1713 3508 1780 adeo
3539 1732 3809 1798 preceps
3856 1723 3937 1781 45

557 1821 713 1903 ruit,
785 1827 883 1901 ut,
950 1840 1093 1886 cum
1155 1820 1368 1886 vicina
1421 1819 1689 1886 flumina
1734 1821 1871 1886 sive
1916 1810 2144 1885 Meotis
2192 1828 2256 1885 et
2301 1819 2609 1885 Bosforus
2652 1819 2805 1901 gelu
2849 1817 3237 1899 solidentur,
3307 1817 3483 1882 solus
3527 1816 3810 1881 amnium

543 1923 945 2007 confragosis
991 1924 1311 1988 montibus
1359 1931 1739 2007 vaporatus,
1807 1943 2154 2006 numquam
2201 1922 2502 2006 Scythico
2564 1921 2828 1987 duriscit
2880 1922 3101 2004 algore
3121 1924 3194 2005 ⁴).
3291 1917 3396 1985 hic
3439 1920 3637 1984 Asiae
3679 1920 3814 1984 Eu-

554 2047 874 2110 ropaeque
917 2027 1227 2092 terminus
1272 2025 1556 2091 famosus
1601 2027 1873 2092 habetur
1891 2029 1967 2111 ⁵).
2060 2046 2212 2091 nam
2271 2027 2437 2090 alter
2495 2032 2595 2090 est
2647 2025 2795 2105 ille,
2857 2025 2967 2107 qui
3021 2024 3341 2090 montibus
3386 2023 3812 2090 Chrinnorum

554 2131 792 2211 oriens,
858 2130 928 2195 in
972 2130 1283 2214 Caspium
1342 2150 1516 2195 mare
1577 2129 1904 2195 dilabitur.
2000 2129 2308 2213 Danaper
2364 2135 2581 2193 autem
2642 2135 2817 2193 ortus
2864 2127 3109 2211 grande
3155 2126 3429 2212 palude,
3495 2125 3678 2210 quasi
3726 2146 3808 2190 ex
3854 2134 3936 2192 46

554 2240 755 2298 matre
786 2232 1192 2316 profunditur
1205 2233 1281 2316 ⁶).
1374 2232 1478 2297 hic
1522 2252 1725 2317 usque
1770 2233 1856 2298 ad
1901 2232 2183 2299 medium
2231 2232 2330 2297 sui
2377 2230 2586 2297 dulcis
2633 2239 2733 2298 est
2775 2238 2842 2297 et
2883 2230 3210 2316 potabilis,
3261 2230 3601 2315 piscesque
3630 2228 3810 2294 nimii

723 2511 845 2558 ΗΡ
874 2510 979 2558 VL
1003 2510 1048 2556 A
1079 2507 1122 2557 Ο
1146 2510 1190 2556 Β
1215 2510 1263 2557 Χ
1290 2510 1357 2573 (Υ
1379 2510 1463 2572 Ζ).
1537 2511 1668 2560 Bae.
1710 2512 1769 2573 2,
1812 2511 1878 2557 20
1910 2526 1962 2572 p.
2011 2514 2105 2560 115
2144 2509 2210 2558 ad
2243 2525 2293 2561 v.
2340 2510 2431 2560 13:
2488 2510 2665 2559 dicunt
2700 2509 2834 2572 quod
2867 2511 2977 2572 ipse
3015 2508 3198 2557 Tanais
3232 2510 3368 2558 inter
3401 2509 3576 2558 Asiam
3612 2515 3664 2557 et
3697 2508 3810 2557 Eu-

551 2611 716 2659 ropam
754 2596 959 2645 dividat.
1040 2595 1305 2657 Freculfus
1340 2598 1376 2644 l.
1417 2611 1459 2646 c.
1507 2596 1590 2659 (ad
1623 2614 1671 2646 v.
1716 2596 1743 2644 7
1783 2596 2092 2658 auctoritas).

729 2733 749 2781 1
795 2735 964 2783 studio
994 2733 1084 2780 OB
1279 2731 1471 2799 arcum]
1506 2734 1605 2797 VY,
1644 2748 1850 2782 arcuum
1873 2733 2013 2781 HPL
2041 2734 2199 2792 F'rcc„
2241 2746 2383 2780 arcus
2408 2732 2600 2780 AOBX
2787 2727 3075 2799 intendere]
3110 2733 3320 2782 tendere
3355 2731 3428 2780 Β·
3634 2732 3665 2782 2
3703 2738 3810 2783 sto-

550 2816 670 2887 rico]
707 2820 915 2880 HPVL,
955 2821 1188 2868 historico
1224 2820 1465 2867 AOBXY
1667 2825 1812 2881 poete
1854 2819 1897 2866 Ο
2105 2821 2352 2867 armenios
2389 2833 2617 2880 quoquae
2655 2832 2791 2869 arcos
2827 2820 3034 2879 greticis
3077 2815 3120 2865 Ο
3324 2814 3602 2885 intendite]
3636 2818 3809 2867 inten-

549 2905 665 2955 dere
691 2905 788 2953 XY
992 2904 1021 2955 3
1059 2912 1177 2953 ante
1213 2896 1336 2968 qu'os
1372 2907 1525 2954 etiam
1563 2912 1713 2955 cantu
1751 2910 1944 2967 (cantus
1972 2907 2038 2967 H,
2081 2911 2282 2954 cantum
2313 2902 2400 2972 O)]
2436 2906 2579 2953 libri:
2616 2906 2699 2954 hic
2730 2919 2951 2967 namque
2987 2911 3136 2952 cantu
3174 2919 3242 2954 m.
3282 2907 3320 2954 f.
3362 2905 3810 2954 modulationibus·

521 3007 646 3055 =que
684 2998 735 3040 et
772 2993 975 3041 citharis
1012 2994 1257 3041 canebant
1293 2993 1425 3040 Frcc.
1450 3010 1465 3039 .·
1503 3007 1595 3041 scr.
1624 2993 1904 3054 antiquitus
1940 2995 2089 3041 etiam
2128 2997 2278 3040 cantu
2488 2992 2519 3040 4
2556 2996 2864 3053 eterpamara
2898 2987 3104 3058 hanale]
3142 2990 3344 3051 HPLA,
3385 2992 3692 3038 eterbamara
3715 2989 3806 3037 ha-

549 3081 662 3127 nale
698 3079 751 3141 V,
793 3084 845 3126 et
881 3092 1103 3140 spamara
1133 3078 1247 3140 (om.
1274 3079 1470 3141 hanale)
1509 3078 1568 3141 Ο,
1611 3080 1986 3141 ethespamarae
2017 3086 2129 3139 (om.
2159 3078 2354 3141 hanale)
2386 3079 2448 3141 B,
2490 3083 2542 3126 et
2576 3078 2867 3139 herpamara
2902 3079 3078 3125 hanale
3116 3078 3178 3139 X,
3220 3084 3272 3126 et
3307 3077 3597 3139 herpamara
3632 3076 3807 3125 halane

556 3164 598 3212 Y
869 3161 1141 3230 uidigoiae]
1179 3166 1231 3211 H
1241 3165 1339 3227 VX,
1393 3165 1643 3214 uidicoiae
1681 3165 1787 3227 PA,
1843 3165 2107 3225 uidigogae
2144 3166 2204 3227 L,
2258 3165 2545 3225 uidigothae
2589 3163 2642 3224 Y,
2685 3163 2945 3212 unidicule
2988 3164 3113 3223 (-1ae
3147 3163 3207 3224 B)
3259 3163 3364 3224 OB,
3407 3162 3655 3223 uidigitus
3699 3162 3739 3208 Z

548 3247 746 3316 magna]
783 3264 928 3298 mana
964 3250 1072 3311 ΗΡ,
1114 3266 1209 3299 om.
1259 3250 1349 3298 OB
1554 3248 1752 3317 opinio]
1789 3254 1930 3313 copia
1966 3252 2011 3298 A
2245 3252 2275 3299 5
2311 3252 2461 3312 quale
2504 3250 2547 3297 0
2779 3251 2934 3298 iactat
2968 3244 3102 3314 ant.]
3138 3249 3276 3297 liciat
3311 3250 3508 3310 antiqui
3545 3252 3651 3296 etas
3695 3247 3738 3297 Ο

548 3333 762 3403 uesosis]
805 3336 1149 3398 HPOBXYZ,
1189 3338 1386 3385 uesozis
1412 3336 1523 3400 AV,
1566 3339 1731 3386 nesois
1760 3338 1818 3399 L,
1861 3339 2076 3386 Vesozes
2104 3338 2242 3387 Fece.
2456 3335 2487 3385 6
2524 3331 2855 3404 lacrimabile]
2891 3337 3143 3384 lacrimabi
3182 3336 3225 3383 L
3433 3334 3530 3384 sibi
3567 3348 3662 3382 om.
3695 3334 3738 3381 L

547 3425 642 3472 int.
681 3428 786 3483 pot.
838 3422 879 3469 V
1096 3420 1281 3489 uidel.]
1319 3424 1515 3472 scilicet
1551 3425 1595 3472 L
1821 3419 1970 3489 quos]
2006 3425 2137 3485 quod
2181 3424 2223 3471 Ο
2452 3437 2746 3471 amazonum
2785 3424 2831 3470 A
3062 3423 3088 3469 7
3128 3423 3191 3471 de
3227 3437 3350 3484 quas
3387 3419 3461 3489 et]
3497 3421 3701 3484 HPVL,
3743 3422 3806 3470 de

547 3510 729 3571 quibus
754 3514 804 3556 et
830 3509 877 3556 Χ
885 3508 938 3571 Υ,
978 3509 1039 3557 de
1065 3524 1187 3571 quas
1218 3509 1278 3572 Ο,
1320 3510 1381 3558 de
1407 3511 1523 3573 quis
1549 3510 1610 3572 B,
1653 3509 1715 3558 de
1740 3510 1926 3571 quihus
1953 3512 1999 3558 A
2206 3509 2440 3557 foeminis
2480 3509 2820 3557 bellatricibus
2847 3511 2890 3555 A
3100 3504 3312 3576 orosius]
3350 3514 3402 3557 et
3438 3522 3511 3558 or.
3551 3505 3690 3556 ΟΒΧ
3700 3506 3742 3554 Υ

548 3592 824 3660 uolumine]
860 3596 987 3643 libro
1012 3596 1056 3642 A
1263 3610 1507 3658 prouessa
1531 3595 1577 3642 P
1782 3595 1812 3645 8
1850 3601 1973 3644 tunc
2008 3610 2105 3644 om.
2137 3594 2277 3642 LOB
2487 3595 2765 3655 demigasse
2810 3595 2852 3641 O
3057 3596 3311 3657 probanus
3347 3595 3393 3642 P
3598 3592 3629 3642 9
3667 3609 3806 3646 ama-

549 3695 726 3730 zonum
766 3679 834 3728 A²
874 3682 1160 3743 (amazonas
1197 3681 1279 3744 Αἱ)
1326 3681 1370 3729 Β
1577 3682 1803 3730 absalute
1847 3680 1890 3727 Ο
2097 3681 2458 3740 aborystehene
2496 3681 2543 3728 Χ
2779 3681 2839 3729 10
2877 3681 3011 3729 acole
3048 3682 3102 3743 V,
3146 3681 3299 3728 acolle
3337 3680 3435 3727 ΗΡ
3639 3681 3803 3729 danu-

546 3769 688 3815 brum
732 3767 792 3829 Ο,
834 3767 1106 3815 danubium
1146 3768 1191 3814 Β
1397 3769 1569 3816 tanain
1601 3767 1659 3827 Ο,
1700 3769 1888 3816 tanaim
1914 3767 1975 3829 B,
2019 3767 2242 3814 thanaim
2272 3766 2414 3814 AXY
2618 3768 2803 3814 circum
2839 3768 2880 3813 A
3094 3765 3150 3815 11
3195 3767 3530 3815 consedebant
3564 3782 3661 3815 om.
3691 3766 3735 3815 L

545 3855 717 3902 tanain
755 3852 910 3915 LOB,
953 3854 1172 3901 thanaim
1212 3853 1356 3901 AXY
1558 3855 1822 3901 muntibus
1865 3852 1908 3900 0
2116 3853 2350 3901 desectus
2385 3854 2434 3900 Χ
2444 3853 2527 3899 ΥΖ
2735 3848 2879 3918 adeo]
2916 3854 3021 3901 adit
3057 3859 3108 3901 et
3144 3854 3186 3900 Z
3416 3851 3476 3900 12
3514 3853 3694 3901 meotis
3731 3849 3804 3920 et]

548 3939 740 3987 aneotis
776 3944 829 3987 et
870 3938 930 4001 Ο,
971 3941 1152 3987 meotis
1189 3941 1302 3988 siue
1337 3941 1386 3987 Χ
1395 3940 1434 3986 Υ
1637 3940 1853 3988 bosforos
1886 3938 1929 3986 Ο
2137 3941 2298 3987 solum
2324 3940 2366 3987 L
2576 3935 2826 4004 amnium]
2863 3941 3085 3988 animum
3129 3938 3189 4000 0,
3230 3940 3440 3987 annium
3478 3939 3537 4002 L,
3579 3941 3804 3988 omnium

548 4024 682 4073 AYZ
711 4024 831 4087 (non
856 4024 929 4088 Χ)
1185 4025 1245 4074 13
1285 4030 1551 4086 uapor-atur
1589 4026 1634 4071 A
1844 4020 2077 4091 duriscit]
2113 4024 2326 4085 HPVO,
2367 4024 2588 4072 durescit
2624 4024 2826 4087 LABY,
2867 4025 3096 4074 durescat
3131 4025 3181 4074 X
3384 4025 3548 4072 albore
3586 4026 3646 4087 L,
3686 4026 3805 4086 gelu

548 4112 589 4157 A
845 4111 1002 4159 asiam
1040 4124 1377 4172 europamque
1421 4110 1480 4173 Ο,
1520 4112 1656 4159 inter
1691 4114 1844 4159 asiam
1881 4125 2214 4173 europamque
2251 4112 2296 4158 Β
2580 4111 2638 4159 14
2677 4107 2948 4177 terminus]
2984 4112 3230 4174 LABXY‚
3270 4109 3506 4160 terminos
3541 4111 3735 4160 HPVO

545 4198 754 4244 famosos
796 4195 838 4243 Ο
1045 4197 1190 4245 aliter
1231 4196 1274 4244 Ο
1482 4197 1766 4245 chrinorum
1803 4197 1958 4260 ΑΘΒ,
2001 4198 2304 4246 cirinnornm
2346 4198 2388 4246 L
2619 4196 2681 4245 15
2718 4193 2982 4263 dilabitur]
3019 4195 3446 4246 HPVLAOBXY
3647 4197 3801 4246 dana-

545 4296 634 4343 per
671 4317 685 4332 .
718 4318 732 4332 .
763 4317 778 4332 .
817 4283 1138 4344 profunditur
1173 4297 1270 4330 om.
1313 4284 1357 4331 L
1563 4280 1808 4349 danaper]
1845 4284 1942 4330 AX
1952 4284 2050 4345 ΥΖ,
2099 4284 2325 4346 danuper
2366 4283 2427 4346 Ο,
2476 4284 2702 4345 denuper
2737 4284 2797 4344 B,
2841 4284 3051 4346 daniper
3086 4283 3233 4331 HPV
3436 4280 3628 4349 autem]
3664 4284 3801 4332 enim

546 4370 592 4415 Χ
602 4371 680 4416 YZ
873 4370 966 4417 orti
998 4368 1058 4431 Ο,
1099 4374 1205 4418 orta
1230 4369 1275 4416 Β
1471 4365 1677 4434 grande]
1702 4369 1861 4429 HPV,
1905 4370 2082 4430 grandi
2105 4372 2195 4419 rel.
2412 4368 2476 4419 16
2513 4384 2645 4418 mare
2675 4369 2735 4431 0,
2776 4372 2899 4419 mari
2923 4370 2971 4418 Β
3165 4365 3413 4436 medium]
3448 4370 3660 4419 nedium
3690 4370 3733 4417 Ο

542 4455 781 4515 picesque
817 4455 882 4515 A,
921 4457 1101 4517 piaque
1137 4456 1194 4502 H
1397 4456 1550 4503 nimie
1593 4453 1636 4501 0

724 4677 768 4736 1)
814 4677 1037 4728 Pam-sal.
1078 4681 1128 4738 8,
1173 4680 1292 4728 ⁴221.

714 4762 761 4825 2)
804 4766 870 4827 cs.
906 4763 1152 4812 Martialis
1181 4768 1260 4823 14,
1296 4767 1392 4812 194
1415 4764 1476 4813 dc
1497 4764 1709 4814 Lucano
1726 4781 1741 4812 .·
1779 4771 1900 4812 sunt
1924 4765 2144 4827 quidam,
2184 4766 2275 4826 qui
2301 4779 2380 4813 me
2405 4765 2577 4814 dicant
2599 4778 2699 4813 non
2724 4780 2838 4814 esse
2861 4772 3079 4827 poetam.
3124 4767 3324 4815 Servius
3345 4766 3413 4814 ad
3437 4768 3563 4815 Aen.
3592 4771 3639 4828 1,
3664 4766 3799 4816 382.-

548 4851 776 4897 Lucanus
803 4886 817 4899 .
846 4885 859 4900 .
886 4885 899 4899 .
927 4851 1042 4899 ideo
1067 4851 1122 4897 in
1150 4864 1357 4899 numero
1381 4856 1637 4912 poetarum
1664 4865 1776 4900 esse
1801 4866 1898 4899 non
1927 4853 2131 4911 meruit,
2162 4853 2278 4914 quia
2302 4852 2505 4900 videtur
2527 4852 2789 4900 historiam
2813 4853 3170 4912 composuisse,
3199 4866 3298 4900 non
3324 4866 3515 4915 poema.
3581 4853 3800 4900 Isidos-m

543 4939 666 4996 oriy.
694 4939 743 4994 8,
778 4939 824 4997 7,
860 4939 956 4983 10.-
997 4937 1230 4984 Lucanus
1256 4936 1370 4984 ideo
1395 4937 1449 4984 in
1475 4950 1682 4985 numero
1705 4943 1967 4998 poetarum
1994 4951 2092 4985 non
2131 4939 2351 4999 ponitur,
2392 4939 2513 4999 quia
2548 4937 2744 4986 videtur
2779 4938 3039 4986 historiam
3074 4940 3427 5000 composuisse,
3466 4952 3564 4987 non
3601 4952 3795 5001 poema.

720 5021 768 5082 3)
817 5021 958 5071 Oros.
1007 5023 1051 5083 1,
1096 5024 1188 5072 Ιιε
1239 5022 1464 5070 Vesozes
1508 5036 1597 5070 rex
1645 5023 1871 5084 Aegypti
1909 5057 1923 5072 .
1956 5056 1971 5072 .
2002 5057 2017 5072 .
2057 5023 2256 5082 Scythis
2304 5023 2493 5072 bellum
2538 5025 2732 5085 primus
2780 5025 2968 5073 indixit
3005 5058 3018 5072 .
3050 5061 3063 5073 .
3097 5061 3109 5074 .
3153 5024 3367 5084 Scythae
3405 5059 3420 5075 .
3452 5060 3466 5074 .
3498 5060 3513 5074 .
3552 5024 3799 5073 Vesozem

543 5108 770 5156 territum
808 5109 1035 5169 refugere
1070 5109 1123 5155 in
1161 5121 1370 5167 regnum
1408 5113 1594 5168 cogunt
1623 5112 1712 5156 cet.
1786 5123 1830 5156 c.
1874 5112 1936 5158 15
1957 5125 1972 5155 .·
2010 5109 2143 5170 apud
2183 5108 2388 5167 Scythas
2423 5109 2523 5157 duo
2558 5111 2683 5170 regii
2717 5110 2928 5158 invenes
2953 5110 3135 5170 Plynos
3159 5117 3212 5159 et
3235 5110 3565 5173 scolopythus
3592 5147 3604 5160 .
3634 5147 3646 5160 .
3674 5149 3685 5160 .
3711 5112 3799 5159 in—

544 5200 745 5254 gentem
784 5195 1100 5250 iuventutem
1138 5208 1308 5242 secum
1344 5200 1541 5242 traxere
1581 5228 1595 5244 .
1627 5228 1641 5243 .
1674 5228 1688 5243 .
1726 5208 1818 5256 per
1855 5195 2068 5244 insidias
2105 5195 2435 5244 trucidantur.
2512 5197 2689 5244 horum
2737 5209 2922 5245 uxores
2970 5198 3123 5246 exilio
3162 5212 3217 5244 ac
3266 5198 3514 5246 viduitate
3548 5203 3799 5259 permotae

544 5294 676 5327 arma
710 5285 923 5342 sumunt
961 5315 974 5329 .
1007 5315 1018 5328 .
1051 5316 1063 5328 .
1106 5281 1385 5328 Amazones
1420 5280 1599 5329 dictae.

717 5366 765 5427 4)
811 5365 944 5414 Mela
985 5369 1030 5425 1,
1079 5369 1157 5426 19,
1199 5370 1333 5416 115.-
1385 5366 1567 5414 Tanais
1613 5380 1676 5414 ex
1714 5367 1935 5429 Riphaeo
1983 5373 2154 5416 monte
2201 5367 2428 5417 deiectus
2477 5368 2599 5416 adeo
2644 5382 2884 5431 praeceps
2919 5370 3053 5430 ruit,
3105 5373 3190 5430 nt,
3241 5383 3354 5417 cum
3393 5371 3558 5419 vicina
3592 5372 3801 5419 flumina

543 5457 649 5499 tum
683 5451 894 5500 Maeotis
931 5459 983 5500 et
1019 5453 1301 5514 Bosphorus
1336 5459 1446 5500 tum
1484 5453 1633 5500 Ponti
1684 5453 1851 5516 aliqua
1903 5455 2115 5502 brumali
2163 5455 2324 5515 rigore
2368 5455 2644 5517 durentur,
2695 5454 2831 5502 solus
2877 5461 3048 5505 aestus
3091 5454 3412 5517 hiememque
3446 5458 3593 5504 iuxta
3627 5458 3799 5505 ferens

543 5538 676 5585 idem
712 5552 911 5601 semper
947 5544 999 5588 et
1035 5539 1318 5587 subsimilis
1354 5540 1697 5600 incitataeque
1732 5539 1982 5590 decurrat.

714 5624 761 5684 5)
805 5623 877 5684 cf.
925 5623 1128 5672 Orosius
1170 5628 1215 5685 1,
1259 5626 1308 5685 2,
1350 5631 1402 5675 4.
1445 5626 1528 5674 52.

711 5710 759 5769 6)
805 5708 937 5757 Mela
973 5712 1022 5769 2,
1068 5715 1114 5771 1,
1161 5713 1222 5757 7.·
1263 5708 1567 5772 Callippidas
1605 5712 1830 5773 Hypanis
1866 5712 2108 5760 includit:
2152 5725 2216 5759 ex
2252 5713 2427 5776 grandi
2464 5712 2648 5775 palude
2682 5714 2858 5774 oritur,
2899 5727 3049 5778 quam
3086 5716 3294 5761 matrem
3331 5714 3445 5763 eius
3481 5714 3669 5762 accolae
3705 5728 3796 5776 ap-

540 5795 731 5857 peliant
765 5801 818 5842 et
851 5796 941 5843 diu
978 5795 1143 5857 qualis
1177 5801 1329 5845 natus
1363 5801 1442 5844 est
1478 5797 1675 5846 defluit.

693 5894 937 5938 Ioannes.
3351 5905 3384 5953 9
