4882 6775
309 2498 380 2547 ‘'st‘'
425 2501 586 2552 ’.ῘᾸΩ

379 2572 387 2587 0

1147 473 1224 535 84
2598 466 2957 523 IORDANIS

887 657 1105 721 XVIII
1149 656 1515 736 notissima3
1570 678 1763 739 quam
1810 658 2078 724 devictis
2124 659 2435 724 Sarmatis
2467 657 2784 723 Traianus
2830 664 2895 721 et
2937 655 3277 721 fabricavit
3321 662 3385 720 et
3427 654 3782 739 appellavit
3810 653 4130 719 Victoriae
4175 652 4393 718 civita-

1146 765 1275 824 tem
1302 761 1372 841 ¹).
1467 759 1575 825 ubi
1608 761 1810 826 Decio
1858 761 2348 846 superveniente
2393 761 2776 844 imperatore
2821 758 3080 824 tandem
3113 758 3317 823 Cniva
3360 757 3429 821 in
3466 757 3654 821 Hemi
3700 757 4007 841 partibus,
4063 776 4232 838 quae
4262 743 4401 820 ”non

989 863 1107 925 102
1153 861 1344 945 longe
1389 863 1676 942 aberant,
1733 865 2014 945 recessit,
2070 864 2241 929 unde
2286 871 2600 949 apparatu
2647 862 2956 947 disposito
2986 860 3488 945 Philippopolim
3532 860 3625 925 ire
3670 859 4005 924 festinans.
4085 859 4268 924 cuius
4298 878 4402 923 se-

1145 984 1331 1029 cessu
1391 964 1631 1030 Decius
1687 966 2030 1051 imperator
2093 986 2486 1049 cognoscens
2543 974 2609 1031 et
2662 967 2867 1051 ipsius
2925 964 3100 1030 urbis
3167 964 3357 1029 ferre·
3405 962 3759 1028 subsidium
3826 962 4113 1046 gestiens
4178 962 4399 1045 iugum

1076 1089 1087 1101 ·
1144 1067 1334 1133 Hemi
1394 1068 1630 1133 montis
1675 1075 2000 1134 transacto
2045 1069 2130 1134 ad
2176 1070 2448 1134 Beroam
2493 1069 2691 1134 venit.
2783 1069 3001 1151 ibique
3048 1067 3199 1132 dum
3247 1085 3444 1149 equos
3489 1066 3964 1147 exercitumque
4008 1066 4252 1130 lassum
4299 1084 4400 1129 re-

1145 1170 1422 1251 foveret,
1487 1170 1634 1236 ilico
1681 1171 1885 1236 Cniva
1929 1192 2072 1236 cum
2122 1170 2352 1236 Gothis
2396 1171 2465 1236 in
2509 1171 2766 1237 modum
2812 1170 3102 1235 fulminis
3147 1169 3308 1249 ruit,
3362 1176 3740 1251 vastatoque
3785 1170 4069 1233 Romano
4115 1167 4398 1232 exercitu

1143 1272 1592 1357 imperatorem
1653 1292 1795 1338 cum
1856 1274 2182 1359 pauculis,
2249 1275 2356 1357 qui
2418 1274 2645 1358 fugere
2690 1275 3057 1357 quiverant,
3126 1272 3211 1337 ad
3255 1272 3555 1338 Eusciam
3600 1291 3821 1337 rursus
3865 1278 4043 1336 trans
4088 1271 4289 1355 Alpes
4330 1270 4398 1334 in

1143 1375 1358 1459 Mysia
1400 1376 1827 1460 proturbavit,
1897 1376 2004 1441 ubi
2065 1384 2215 1441 tunc
2261 1375 2491 1442 Gallus
2553 1377 2683 1442 dux
2739 1376 2961 1442 limitis
3015 1396 3155 1441 cum
3201 1375 3479 1460 plurima
3523 1395 3717 1440 manu
3761 1374 4140 1439 bellantium
4186 1393 4400 1438 mora-

1143 1478 1361 1556 batur;
1432 1478 1823 1559 collectoque
1867 1485 1998 1543 tam
2045 1480 2279 1546 exinde
2325 1501 2516 1563 quam
2564 1480 2647 1545 de
2690 1458 2858 1545 Vs³co
2904 1479 3223 1557 exercitu,
3291 1478 3487 1544 futuri
3530 1478 3688 1543 belli
3735 1497 3805 1543 se
3850 1484 4036 1562 parat
4078 1478 4143 1541 in
4188 1477 4392 1541 aciae.

982 1583 1100 1645 103
1148 1580 1353 1645 Cniva
1396 1600 1546 1645 vero
1593 1580 1704 1645 diu
1750 1581 2080 1647 obsessam
2140 1583 2390 1650 invadit
2432 1582 2935 1668 Philippopolim
2994 1583 3365 1667 praedaque
3425 1582 3664 1665 potitus
3680 1582 3725 1661 ²}
3793 1581 4011 1645 Prisco
4072 1580 4234 1644 duce
4287 1580 4396 1661 qui

763 2504 922 2568 XIX
973 2509 1090 2569 104

1141 1682 1351 1748 inerat
1396 1683 1516 1748 sibi
1562 1684 1919 1751 foederavit
1964 1687 2150 1769 quasi
2197 1707 2341 1752 cum
2388 1687 2588 1751 Decio
2633 1692 3088 1771 pugnaturum.
3182 1684 3640 1766 venientesque
3700 1683 3785 1749 ad
3846 1682 4205 1749 conflictum
4250 1683 4397 1748 ilico

1142 1785 1327 1850 Decii
1395 1785 1598 1851 filium
1669 1788 1909 1870 sagitta
1977 1790 2263 1855 saucium
2332 1790 2578 1855 crudeli
2641 1789 2866 1854 funere
2928 1787 3315 1854 confodiunt.
3411 1786 3583 1870 quod
3642 1794 3828 1870 pater
3879 1786 4398 1851 animadvertens

1141 1888 1293 1953 licet
1347 1889 1434 1953 ad
1495 1889 1947 1956 confortandos
2005 1893 2254 1957 animos
2315 1893 2589 1958 militum
2636 1892 2837 1957 fertur
2881 1891 3163 1956 dixisse:
3241 1900 3458 1956 ‘nemo
3502 1889 3822 1955 tristetur:
3889 1890 4162 1974 perditio
4207 1890 4397 1954 unius

1152 1991 1405 2056 ‘militis
1450 2013 1579 2057 non
1625 2001 1724 2058 est
1769 1994 1862 2059 rei
1907 1995 2203 2079 publicae
2251 1995 2649 2075 deminutio',
2706 2002 2942 2075 tamen,
2996 2001 3261 2078 paterno
3305 1994 3540 2059 affectu
3585 2012 3711 2057 non
3757 1992 3993 2073 ferens,
4044 1993 4265 2058 hostes
4294 1992 4395 2056 in-

1143 2094 1340 2175 vadit,
1393 2101 1506 2160 aut
1548 2103 1814 2161 mortem
1861 2104 1975 2163 aut
2017 2098 2326 2163 ultionem
2372 2096 2464 2161 fili
2510 2116 2886 2180 exposcens,
2939 2096 3334 2178 veniensque
3365 2095 3449 2160 ad
3478 2095 3729 2161 Abritto
3760 2095 4041 2160 Moesiae
4074 2095 4395 2160 civitatem

1141 2197 1601 2282 circumseptus
1647 2219 1688 2263 a
1734 2199 1963 2265 Gothis
2009 2207 2073 2265 et
2115 2200 2256 2284 ipse
2302 2199 2700 2283 extinguitur
2718 2203 2761 2280 ³]
2828 2198 3082 2283 imperii
3138 2198 3329 2264 finem
3390 2198 3687 2281 vitaeque
3739 2198 4076 2263 terminum
4122 2197 4392 2263 faciens.

1138 2298 1246 2380 qui
1293 2300 1472 2365 locus
1518 2300 1835 2385 hodieque
1882 2302 2066 2367 Decii
2111 2323 2224 2367 ara
2268 2302 2530 2381 dicitur,
2601 2323 2677 2367 eo
2737 2302 2907 2385 quod
2950 2301 3044 2366 ibi
3091 2307 3240 2367 ante
3286 2321 3567 2385 pugnam
3615 2301 3995 2365 mirabiliter
4037 2300 4229 2366 idolis
4276 2301 4392 2364 im-

1135 2402 1465 2468 molasset.
2576 2456 2617 2486 ‚r

1314 2505 1629 2571 Defuncto
1676 2514 1828 2571 tunc
1874 2508 2073 2573 Decio
2113 2508 2343 2573 Gallus
2392 2515 2457 2573 et
2485 2508 2876 2572 Volusianus
2924 2527 3189 2590 regnum
3235 2506 3418 2590 potiti
3463 2513 3611 2571 sunt
3639 2507 4087 2585 Romanorum,
4142 2504 4396 2588 quando

1137 2615 1202 2671 et
1245 2608 1557 2691 pestilens
1602 2609 1891 2689 morbus,
1949 2630 2112 2694 pene
2157 2611 2345 2675 istius
2389 2610 2797 2675 necessitatis
2844 2610 3217 2687 consimilis,
3273 2608 3443 2691 quod
3486 2627 3603 2673 nos
3648 2614 3797 2672 ante
3843 2608 3961 2673 hos
4006 2628 4232 2674 novem
4280 2628 4397 2671 an-

1308 2900 2050 2963 HPVLAORXn‘Zu

1314 3037 1331 3086 1
1379 3040 1653 3088 nouissima
1688 3039 1734 3086 Β
1942 3036 2114 3106 quam]
2152 3044 2385 3102 quoniam
2425 3041 2471 3089 Β
2679 3048 2730 3090 et
2767 3038 2832 3107 f.]
2870 3055 2981 3089 eam
3018 3043 3054 3088 f.
3103 3041 3192 3088 OB
3402 3037 3687 3107 ciuitatem]
3728 3042 3897 3089 urbem
3934 3043 3979 3089 A
4243 3039 4272 3088 2
4310 3043 4392 3087 iu·

1134 3131 1303 3185 petore
1345 3125 1387 3172 O
1649 3122 1807 3191 hemi]
1843 3126 2000 3175 hiemi
2039 3127 2149 3188 LO,
2191 3128 2453 3176 hemoniae
2491 3128 2535 3173 B
2795 3123 3044 3193 partibus]
3081 3133 3250 3188 partes
3287 3127 3380 3175 AB
3661 3126 3689 3175 3
3728 3128 3841 3175 lone
3881 3125 3927 3173 P
4165 3122 4396 3191 aberant]

1133 3209 1228 3256 ΒΧ
1238 3210 1287 3269 Y,
1329 3212 1498 3258 aberat
1532 3209 1821 3260 HPVLAO
1887 3204 1894 3209 ’
2028 3209 2255 3279 recessit]
2296 3214 2494 3273 OBXY,
2539 3215 2749 3262 secessit
2785 3213 3017 3262 HPVLA
3224 3214 3345 3262 inde
3382 3213 3432 3261 X
3635 3219 3867 3275 apparato
3902 3213 4161 3275 dispositio
4202 3213 4262 3272 Ο,
4303 3227 4392 3274 ap·

1131 3300 1360 3357 paratum
1397 3297 1638 3358 disposito
1677 3298 1718 3343 Z
1924 3299 2251 3361 philippolim
2289 3300 2398 3358 LA,
2439 3300 2729 3361 philopolim
2777 3301 2827 3361 Y,
2871 3300 3185 3362 phiplippom
3227 3299 3270 3347 Ο
3479 3301 3688 3347 festinat
3714 3302 3757 3347 A
3969 3295 4195 3365 secessu]
4231 3312 4395 3346 seces-

1135 3395 1245 3429 sum
1283 3381 1391 3444 AB,
1434 3381 1709 3431 discessum
1749 3383 1808 3446 L,
1851 3398 2051 3435 recessu
2091 3385 2226 3433 XYZ
2472 3384 2503 3433 4
2541 3382 2736 3452 decius]
2773 3386 2833 3434 de
2872 3387 3015 3434 cuius
3058 3386 3101 3435 Ο
3344 3389 3611 3448 imperator
3645 3400 3741 3436 om.
3784 3389 3827 3434 A
4074 3380 4399 3450 cognoscens]

1132 3481 1404 3527 agnoscens
1441 3470 1504 3529 A,
1545 3483 1642 3519 om.
1673 3470 1810 3516 ΧΥΖ
2020 3472 2182 3533 ipsius
2218 3468 2380 3537 urbis]
2418 3469 2660 3532 112PVL,
2702 3475 2738 3521 i.
2780 3475 2934 3520 ιιι-διε
2961 3471 3053 3534 Hl,
3093 3475 3254 3534 ipsius
3290 3474 3413 3521 urbe
3455 3473 3514 3532 O,
3558 3475 3655 3533 ipsi
3693 3474 3803 3520 urbi
3841 3473 4070 3521 ABXYZ
4278 3474 4396 3531 iugo

1134 3554 1265 3600 hemi
1304 3555 1505 3612 AXYZ,
1545 3556 1720 3615 iugum
1759 3557 1893 3604 enim
1931 3556 2091 3617 HPV,
2141 3559 2317 3619 iugum
2353 3559 2466 3607 eius
2503 3558 2563 3616 L,
2603 3561 2780 3618 iugum
2823 3559 2883 3616 Ο,
2923 3560 3044 3619 iugo
3082 3558 3128 3604 Β
3396 3559 3425 3607 5
3463 3569 3603 3606 trans
3641 3565 3782 3606 santo
3823 3559 3865 3606 Ο
4108 3555 4191 3624 ad]
4227 3573 4254 3605 a
4292 3557 4330 3601 V

1131 3637 1353 3707 beroam]
1395 3640 1500 3702 OB,
1550 3642 1745 3688 boream
1786 3641 1987 3703 LXI'Z,
2029 3645 2254 3691 boroeam
2292 3643 2382 3706 Λα,
2421 3645 2661 3692 -beroeam
2699 3631 2916 3692 HPVAb
3125 3645 3312 3693 lassum
3350 3658 3446 3693 om-
3490 3646 3534 3692 A
3743 3646 3938 3693 resonet
3975 3647 4018 3692 A
4230 3643 4260 3692 6
4298 3645 4397 3690 flu-

1133 3726 1282 3773 minis
1320 3726 1460 3773 AOB
1704 3726 1731 3774 7
1769 3729 2064 3789 imperatore
2105 3730 2147 3777 O
2390 3731 2563 3792 paucis
2605 3731 2693 3778 OB
2924 3727 3213 3796 quiuerant]
3250 3732 3335 3792 qui
3377 3738 3619 3780 uenerant
3660 3730 3747 3785 0⁰.
3789 3737 4019 3793 poterant
4055 3733 4098 3778 A
4333 3731 4393 3776 ad

1132 3814 1354 3860 eusciam
1397 3815 1476 3872 (sic
1501 3812 1557 3860 Η
1566 3813 1666 3873 VO,
1709 3817 1933 3863 *asciam
1958 3814 2041 3876 ΡΙ,
2080 3818 2294 3868 eosciam
2323 3815 2381 3877 L,
2425 3817 2680 3864 eusebiam
2722 3817 2875 3876 ΧΥΖ,
2917 3819 3129 3865 tusciam
3166 3814 3303 3877 1²²3)
3350 3831 3523 3865 rursus
3560 3832 3654 3865 om.
3688 3819 3731 3864 A
3943 3816 3972 3866 8
4010 3813 4187 3882 mysia]
4226 3816 4390 3875 HPV,

1134 3899 1282 3946 misia
1321 3897 1380 3960 L,
1423 3901 1631 3957 mysiam
1670 3901 1730 3962 Z,
1775 3903 1973 3949 misiam
2016 3902 2119 3962 OY,
2163 3904 2394 3950 moesiam
2434 3903 2544 3960 AB,
2586 3906 2823 3960 maesiam,
2858 3904 2905 3950 X
3110 3905 3427 3964 perturbauit
3475 3904 3551 3950 YZ
3782 3901 3812 3952 9
3850 3904 4151 3965 collectaque
4191 3903 4325 3948 XI‘Z

1133 3980 1259 4049 tam]
1296 3999 1404 4033 eam
1447 3985 1490 4033 Ο
1613 4036 1620 4044 ,
1699 3987 1761 4034 de
1796 3983 1937 4053 usco]
1974 3986 2181 4050 HPVL,
2225 3989 2432 4037 edeusco
2460 3990 2522 4049 A,
2564 3989 2626 4037 de
2663 4003 2810 4037 eusco
2838 3990 2942 4051 ΧΖ,
2987 3989 3048 4037 de
3085 3991 3267 4038 euscho
3302 3989 3352 4050 Y,
3396 3991 3456 4038 de
3494 4003 3603 4038 osco
3634 3990 3693 4049 O,
3736 3990 3796 4039 de
3833 3995 3939 4037 orto
3977 3989 4051 4036 B.-
4072 3989 4439 4071 Q
4468 3977 4565 4084 1¹52:

1083 4141 1088 4146 ι
1133 4069 1323 4146 Oescus
1534 4086 1586 4120 se
1622 4078 1764 4134 parat
1809 4073 2021 4134 (seperat
2058 4065 2115 4133 P)
2157 4076 2209 4121 in
2249 4076 2386 4123 aciae
2431 4076 2554 4134 (acie
2592 4073 2718 4142 VL)]
2755 4075 2962 4138 HPVL,
3006 4082 3203 4137 reparat
3237 4078 3293 4123 in
3332 4078 3470 4126 aciae
3514 4076 3571 4136 Ο,
3615 4080 3808 4138 reparat
3845 4077 3997 4123 aciem
4031 4074 4093 4137 B,
4136 4080 4398 4136 reparatur

1141 4159 1478 4218 (reparabatur
1516 4159 1608 4221 ΥΖ)
1649 4161 1707 4206 in
1745 4162 1850 4207 acie
1891 4161 2045 4216 XYZ,
2086 4174 2139 4208 se
2175 4163 2495 4222 praeparabat
2530 4163 2585 4209 in
2623 4164 2784 4210 aciem
2823 4163 2866 4208 A
3082 4161 3143 4209 10
3181 4162 3266 4209 diu
3303 4176 3399 4211 om.
3435 4162 3476 4209 O
3685 4162 3811 4224 phil.
3839 4163 3949 4209 inu.
3992 4162 4037 4208 A
4245 4173 4399 4220 prae·-

1134 4243 1346 4303 damque
1381 4245 1420 4289 Χ
1627 4242 1845 4312 potitus]
1882 4248 2052 4308 pocius
2084 4246 2126 4293 O
2337 4248 2500 4310 prisco
2526 4244 2674 4313 duce]
2700 4246 2907 4308 HPVO,
2942 4249 3164 4308 priscum
3189 4248 3366 4295 ducem
3391 4247 3629 4294 LABXY
3839 4246 3891 4295 11
3935 4253 4253 4310 pugnaturus
4278 4245 4321 4291 L

1131 4324 1277 4393 ilico]
1313 4331 1435 4377 alico
1476 4331 1518 4377 O
1732 4330 1791 4379 12
1830 4327 2080 4398 saucium]
2118 4347 2292 4380 sanum
2335 4333 2376 4380 O
2609 4333 2669 4382 14
2708 4334 2920 4381 dimutio
2960 4335 3008 4380 X
3212 4340 3419 4395 paterno
3463 4335 3684 4394 (paterna
3726 4333 3813 4394 0⁰)
3857 4335 4031 4381 affecto
4074 4332 4177 4392 ΟΖ,
4220 4339 4393 4393 pater-

1135 4428 1254 4461 num
1294 4418 1527 4463 affectum
1564 4417 1609 4464 Β
1860 4417 1919 4466 15
1957 4420 2049 4465 filii
2092 4420 2134 4466 O
2367 4419 2424 4466 ad
2465 4432 2559 4468 om.
2592 4419 2729 4467 LOB
2959 4415 3160 4484 abritto]
3196 4419 3399 4476 HPVL,
3445 4421 3602 4467 abrito
3644 4420 3753 4478 OB,
3796 4421 4031 4467 abrittnm
4069 4420 4129 4480 A,
4173 4420 4394 4465 abritum

1136 4501 1269 4547 XI'Z
1494 4502 1556 4551 16
1593 4518 1621 4550 a
1657 4504 1819 4563 gothis
1857 4506 1970 4553 circ.
2013 4504 2056 4551 L
2265 4510 2315 4553 et
2352 4507 2462 4567 ipse
2498 4519 2591 4554 om.
2629 4507 2672 4552 A
2912 4505 2970 4554 17
3010 4507 3143 4554 decii
3182 4502 3288 4572 ara]
3323 4507 3505 4555 decura
3547 4506 3589 4553 O
3798 4505 4147 4553 miserabiliter
4182 4503 4323 4550 Bxf

1133 4586 1410 4636 immolaret
1448 4588 1493 4635 Β
1704 4588 1765 4636 19
1804 4590 2038 4638 defuncto
2083 4591 2432 4652 (defunctoque
2462 4591 2522 4652 B)
2566 4599 2605 4639 t.
2647 4587 2809 4657 decio]
2845 4605 2941 4653 quo
2979 4593 3214 4640 defuncto
3240 4593 3284 4639 A
3493 4605 3642 4652 regno
3671 4592 3862 4638 ABXY
4067 4590 4130 4639 20
4170 4586 4394 4655 morbus]

1133 4687 1294 4720 annus
1331 4676 1512 4722 morbis
1552 4674 1688 4721 ΧΥΖ
1915 4678 2203 4723 necessitati
2239 4678 2284 4723 Β
2517 4673 2671 4742 quod]
2707 4692 2853 4739 quam
2894 4678 3097 4737 AXYZ,
3139 4685 3189 4725 et
3232 4678 3292 4738 Ο,
3335 4684 3393 4725 ut
3428 4679 3471 4725 B
3704 4673 3818 4744 nos]
3854 4678 3942 4725 hos
3978 4675 4051 4723 Ba
4278 4672 4395 4741 bos]

1133 4771 1220 4806 nos
1263 4759 1305 4806 Ο

1311 4982 1351 5043 l)
1394 4982 1460 5042 cf.
1504 4984 1800 5032 Ammianus
1835 4986 1920 5046 31,
1962 4988 2015 5045 5,
2061 4988 2155 5034 15:
2209 4985 2405 5034 duobus
2450 4987 2653 5033 navium
2702 4987 2911 5034 milibus
2948 4997 3187 5049 perrupto
3225 4987 3437 5048 Bosporo
3475 4997 3526 5035 et
3564 4988 3795 5034 litoribus
3831 4986 4148 5047 Propontidis
4187 4985 4396 5042 Scythi-

1132 5082 1297 5116 carum
1345 5070 1573 5128 gentium
1621 5077 1843 5118 catervae
1891 5078 2231 5131 transgressae
2280 5071 2545 5119 ediderunt
2592 5072 2797 5132 quidem
2845 5074 3044 5120 acerbas
3092 5080 3224 5120 terra
3273 5075 3495 5134 marique
3543 5079 3763 5132 strageS,
3826 5071 3911 5119 se'd
3955 5072 4139 5119 amissa
4189 5084 4393 5118 suorum

1131 5160 1270 5214 parte
1307 5156 1523 5202 maxima
1561 5163 1893 5205 reverterunt.
1956 5157 2247 5205 ceciderunt
2282 5156 2564 5205 dimicando
2599 5170 2711 5206 cum
2749 5159 2971 5207 barbaris
3006 5160 3326 5220 imperatores
3355 5159 3498 5206 Decii
3537 5165 3677 5220 pater
3714 5168 3764 5206 et
3800 5159 3933 5206 filius
3973 5192 3986 5206 .
4019 5192 4033 5206 .
4066 5191 4079 5207 .
4119 5156 4398 5204 Anchialos

1132 5247 1274 5301 capta
1322 5247 1373 5287 et
1421 5247 1643 5301 tempore
1692 5242 1866 5290 eodem
1903 5234 2190 5303 Nicopolis,
2234 5256 2382 5304 quam
2421 5243 2664 5291 indicium
2701 5246 2937 5292 victoriae
2975 5251 3145 5293 eontra
3183 5245 3340 5292 Dacos
3378 5244 3621 5292 Traianus
3659 5244 3880 5292 condidit
3915 5245 4203 5303 imperator.
4278 5251 4396 5302 post

1130 5326 1295 5374 clades
1344 5332 1571 5387 acceptas
1618 5328 1898 5390 inlatasque
1945 5329 2130 5376 multas
2178 5334 2228 5375 et
2278 5341 2449 5377 saevas
2499 5331 2664 5376 excisa
2713 5335 2789 5377 est
2825 5325 3187 5392 Philippopolis
3224 5337 3427 5378 centum
3464 5331 3724 5379 hominum
3762 5330 3998 5390 milibus,
4053 5330 4157 5377 nisi
4194 5330 4399 5387 fingunt

1131 5412 1360 5472 annales,
1413 5413 1545 5459 intra
1594 5415 1788 5460 moenia
1836 5414 2096 5474 iugulatis.
2169 5417 2314 5474 periit
2360 5418 2524 5461 autem
2575 5415 2749 5463 harum
2799 5430 2961 5463 rerum
2995 5419 3215 5463 narratio
3253 5416 3517 5463 Ammiano
3554 5430 3638 5468 ea,
3695 5430 3839 5478 quam
3869 5429 4093 5475 perverso
4130 5413 4298 5461 ordine
4337 5417 4401 5460 in

1133 5497 1477 5557 compendium
1512 5497 1689 5557 rediyit
1725 5501 2028 5559 epitomator.

1306 5582 1352 5640 2)
1395 5582 1465 5642 cf.
1511 5585 1809 5632 Ammianus
1846 5586 1880 5634 l.
1923 5600 1966 5632 c.
1993 5633 2006 5640 ,

1305 5667 1350 5724 3)
1405 5669 1737 5718 Cassiodorius
1773 5671 1871 5721 chr.
1913 5670 1979 5718 ad
2015 5685 2063 5719 α.
2107 5672 2237 5720 952:
2289 5672 2476 5720 Decius
2528 5686 2639 5720 cum
2679 5673 2780 5720 filio
2818 5686 2906 5720 suo
2943 5675 2995 5720 in
3033 5674 3229 5721 Abritio
3265 5673 3504 5721 Thraciae
3539 5675 3643 5722 loco
3681 5689 3708 5721 a
3746 5673 3920 5722 Gothis
3954 5671 4218 5731 occiditur,
4275 5671 4401 5718 haec

1131 5753 1425 5801 subste’tuena
1465 5754 1690 5816 Prospen‘
1726 5757 2034 5805 adnotatione·
2071 5757 2213 5804 huic:
2253 5758 2439 5805 Decius
2478 5773 2588 5806 cum
2628 5758 2730 5806 filio
2768 5761 2821 5806 in
2860 5760 3073 5816 abritto,
3118 5773 3243 5839 quae
3281 5767 3359 5808 est
3398 5763 3572 5808 civitas
3610 5759 3817 5818 Mysiae,
3861 5758 4115 5806 occiditur.

4440 1560 4563 1639 ¹0⁴

4440 2114 4500 2152 15

4437 2626 4499 2667 20

4582 3953 4755 4082 ,ῆι
