4882 6775
1111 474 1324 543 LXVI
2499 468 2960 528 PROOEMIVM.

1419 700 1772 768 Wandalos
1816 718 1975 783 quos
2008 686 2187 763 'nunc
2232 696 2568 783 appellant
2612 695 2957 762 Guenedos
3003 700 3568 780 attemptaverant,
3633 691 3767 759 suis
3826 692 4107 760 victoriis
4168 692 4363 760 facile

1418 807 1849 892 applicavere.
1943 822 2104 887 gens
2164 801 2552 879 Suavorum,
2622 798 2691 864 id
2749 807 2848 865 est
2889 800 3418 879 Alamannorum,
3487 797 3696 862 Gallis
3755 818 4215 883 saepenumero
4259 799 4362 862 in-

1420 909 1587 975 festa
1631 918 1695 974 et
1737 909 1882 991 ipsa
1927 905 2134 970 Hunis
2188 904 2387 969 cessit
2445 902 2800 968 foederata.
2902 900 3074 985 quod
3132 902 3349 966 multis
3408 901 3625 984 regnis
3685 907 3995 966 terrarum
4055 922 4180 966 non
4238 902 4360 966 suit

1418 1013 1502 1078 ad
1549 1012 1878 1076 minimum
1922 1004 2414 1072 incommodum.
2515 1004 2675 1069 haec
2735 1003 2908 1088 apud
2963 1003 3188 1068 Hunos
3247 1004 3636 1085 agebantur,
3701 1004 3768 1069 in
3828 1011 4148 1088 quantum·
4195 1003 4356 1069 fides

1416 1116 1842 1199 hystoriarum
1876 1118 1981 1203 est
2006 1109 2346 1191 credenda,
2398 1107 2791 1192 temporibus
2821 1106 3205 1190 Vespasiani
3239 1106 3638 1192 filiorumque
3670 1108 3809 1173 eius
3841 1108 3971 1172 Titi
4003 1115 4194 1190 atque
4224 1107 4357 1171 Do-

1418 1219 1688 1300 mitiani,
1741 1217 1848 1299 qui
1896 1216 2222 1279 Sarmatas
2268 1219 2460 1294 atque
2489 1211 2700 1277 Dacos
2747 1211 3043 1276 evincere
3090 1210 3443 1275 laborabat.
3526 1211 3853 1276 enimvero
3899 1211 4140 1294 elapsis
4172 1211 4354 1275 annis

1420 1341 1543 1387 000
1587 1320 1780 1407 paulo
1825 1317 2139 1403 amplius,
2193 1315 2336 1380 dico
2380 1323 2594 1379 autem
2638 1314 2890 1398 imperii
2936 1313 3285 1379 Theodosii
3327 1314 3592 1380 iunioris
3639 1322 3703 1380 et
3745 1314 4050 1379 Archadii
4094 1314 4352 1378 Honorii

1421 1425 1551 1489 filio
1605 1425 1760 1507 [sic],
1814 1422 1965 1487 dum
2010 1408 2418 1484 Innocentius
2465 1438 2635 1502 papa
2677 1436 2908 1481 nomen
2953 1416 3199 1481 meritis
3243 1416 3545 1482 evincens
3591 1417 3729 1483 sedi
3763 1419 4091 1482 Romanae
4137 1438 4350 1481 curam

1414 1525 1924 1599 administrabat,
1978 1522 2195 1587 Gallia
2240 1543 2280 1585 a
2311 1520 2432 1585 deo
2462 1519 2711 1600 relicta,
2762 1519 2914 1601 quia
2942 1520 3222 1603 pondere
3253 1526 3655 1603 peccatorum
3686 1527 4045 1603 aggravata
4076 1528 4348 1602 stragem

1417 1631 1637 1716 populi
1682 1629 1781 1693 sui
1828 1627 2121 1692 solvebat
2163 1632 2410 1701 coacta,
2480 1643 2603 1687 non
2665 1622 2830 1688 hanc
2889 1623 3205 1686 lulianam
3266 1643 3473 1706 neque
3519 1624 4000 1688 Alemannicam
4047 1643 4350 1706 coequare

1414 1735 1622 1820 potuit
1651 1732 2041 1797 mortiferam
2074 1728 2336 1807 rabiem,
2388 1726 2686 1810 quoniam
2737 1727 2898 1791 haec
2939 1733 3178 1809 quanto
3223 1727 3597 1810 populorum
3643 1727 4096 1791 numerositate
4143 1727 4350 1791 multi-

1418 1838 1661 1922 plicior,
1715 1842 1891 1901 tanto
1938 1832 2253 1916 grandine
2300 1837 2363 1896 et
2405 1829 2681 1914 pernitie
2726 1829 3058 1894 inmanior.
3140 1829 3197 1892 is
3241 1850 3517 1912 namque
3548 1830 3751 1895 Attila
3780 1831 4113 1912 Scytarum
4161 1837 4349 1912 atque

1416 1943 1744 2006 Hunorum
1806 1937 2132 2017 dominuS,
2202 1935 2468 1999 calicem
2528 1933 2660 1997 irae
2720 1932 3074 2015 furorisque
3117 1932 3270 1996 iusti
3313 1932 3534 1997 iudicii
3580 1933 4028 2017 propinaturus
4073 1933 4342 2018 populis,

1411 2045 1609 2109 tantis
1656 2063 1871 2108 secum
1919 2037 2179 2105 sociatis
2224 2037 2559 2119 gentibus,
2626 2056 2752 2116 quo
2797 2036 2906 2100 via
2950 2035 3248 2117 contulit,
3317 2035 3570 2099 vivifica
3615 2035 3852 2101 Christi
3897 2036 4346 2101 aecclesiarum

1413 2147 1720 2232 mysteria
1775 2142 2151 2227 dissipavit,
2220 2148 2429 2232 castra
2487 2147 2552 2204 et
2609 2138 2904 2203 civitates
2950 2137 3432 2202 Christianitate
3477 2138 3767 2203 viduavit
3810 2145 3874 2204 et
3918 2140 4025 2204 ubi
4071 2136 4212 2223 post
4255 2140 4349 2203 la-

1412 2251 1794 2316 mentabiles
1855 2246 2360 2311 Christianorum
2421 2242 2613 2307 cedes
2672 2242 2957 2305 Parisius
3024 2241 3207 2322 gravi
3274 2241 3688 2306 barbarorum
3758 2243 3978 2307 labore
4045 2261 4350 2326 oppressa

1416 2354 1768 2433 succubuit,
1822 2352 2314 2431 circumquaque
2360 2346 2628 2411 vastatis
2659 2343 3024 2410 Aurelianis
3069 2343 3351 2409 tenditur
3379 2345 3649 2429 ipsaque
3681 2344 4046 2429 agminibus
4077 2347 4346 2409 hostium

1414 2456 1892 2522 circumvallata
1936 2453 2364 2537 perturbatur.
2464 2449 2580 2514 sed
2624 2449 2788 2513 inter
2830 2448 3150 2530 agendum
3198 2448 3494 2532 precibus
3555 2450 3726 2514 beati
3771 2448 4002 2513 Aniani
4064 2449 4347 2514 eiusdem

1416 2562 1589 2626 urbis
1635 2557 1916 2643 episcopi
1961 2556 2042 2620 ab
2088 2555 2233 2619 Etio
2266 2555 2691 2617 Romanorum
2737 2552 2993 2635 patritio
3023 2552 3429 2631 affabilitate,
3482 2552 3820 2637 prudentia
3864 2560 3929 2618 et
3974 2552 4129 2617 belli
4175 2551 4351 2616 forti-

1414 2664 1632 2729 tudine
1677 2661 1947 2745 optim0,
2012 2658 2118 2740 qui
2164 2664 2300 2722 erat
2344 2678 2424 2721 ex
2487 2655 2675 2720 Italia
2735 2662 2916 2739 patre
2977 2661 3165 2721 natus
3213 2654 3595 2737 Gaudentio,
3665 2655 4032 2720 occurritur.
4128 2655 4228 2719 cui
4283 2656 4348 2719 in

1414 2765 1654 2832 auxilio
1698 2765 2019 2828 affuerunt
2071 2761 2232 2825 duce
2289 2780 2445 2841 rege
2504 2759 2897 2823 Theoderico
2958 2767 3021 2824 et
3079 2758 3208 2822 filio
3269 2758 3406 2822 eius
3466 2758 3888 2824 Torismundo
3943 2758 4170 2841 Gothi,
4243 2760 4343 2842 (cs.

1409 2894 1474 2953 p.
1531 2872 1673 2949 108,
1728 2868 1786 2950 3)
1840 2866 1909 2929 id
1955 2872 2053 2929 est
2096 2863 2537 2947 Longobardi,
2606 2862 2870 2945 Franci,
2939 2861 3464 2944 Burgundiones,
3517 2861 3844 2942 Sarmate,
3898 2861 4338 2942 Armoriciani,

1416 2971 1739 3055 Litigiani,
1791 2968 2056 3049 Ribarii,
2112 2967 2493 3047 Olibriones,
2548 2965 2815 3029 Romani
2863 2964 3184 3046 quondam
3230 2965 3485 3030 milites.
3583 2965 3782 3030 Attila
3827 2966 4074 3031 excitus
4120 2967 4348 3030 Roma-

1413 3097 1633 3142 norum
1681 3073 1853 3138 fama
1899 3072 1987 3136 ab¹
2012 3070 2379 3135 Aurelianis
2424 3069 2708 3151 recessit,
2760 3068 2999 3133 bellum
3050 3068 3277 3132 sitiens
3321 3068 3626 3132 Romanis
3671 3069 3961 3133 occurrit.
4051 3068 4349 3133 conveni-

1412 3189 1513 3244 tur
1555 3180 1772 3261 itaque
1817 3176 1900 3241 ab
1947 3182 2212 3257 utroque
2272 3173 2506 3259 populo
2561 3172 2627 3236 in
2689 3191 2950 3256 campos
2994 3171 3360 3235 Maurianos
3419 3172 3525 3254 qui
3573 3172 3973 3237 catalaunici
4031 3171 4341 3252 dicuntur,

1410 3291 1663 3349 centum
1708 3319 1793 3327 —
1849 3279 1932 3343 ab
1977 3277 2120 3342 Etio
2164 3275 2533 3361 prevenitur
2583 3278 3014 3359 (compendium
3058 3279 3443 3338 narrationis
3488 3296 3552 3359 p.
3613 3277 3753 3357 108,
3807 3280 3845 3337 5
3892 3312 3976 3321 -
4027 3278 4170 3355 110,
4230 3279 4338 3353 1ος

1420 3391 1619 3452 Waltz
1665 3407 1731 3470 p.
1784 3384 1927 3464 681)
1947 3433 1962 3447 .

1281 3526 1423 3608 [Vbi
1484 3523 1691 3589 isdem
1753 3521 2047 3606 patritius
2108 3518 2336 3584 Gothis
2382 3527 2449 3584 et
2514 3517 2785 3583 caeteris
2851 3519 3154 3603 populum
3222 3519 3414 3583 talem
3484 3516 3753 3582 adorsus
3812 3526 3910 3583 est
3971 3518 4338 3600 orationem]

1418 3632 1504 3712 (p.
1564 3630 1704 3708 107,
1760 3627 2034 3706 3—2o):
2089 3616 2466 3708 prudentiae
2513 3630 2765 3688 vestrae
2810 3659 2896 3669 —
2941 3621 3387 3687 desiderantur
3439 3622 3655 3704 [armis
3700 3622 4150 3706 prestolantur]

1518 3768 1632 3826 107,
1672 3767 1703 3814 0
1739 3765 1915 3827 suum]
1958 3762 2147 3815 mundi
2186 3777 2286 3815 sua
2323 3777 2423 3830 spe
2471 3790 2539 3797 —
2599 3764 2627 3813 7
2667 3777 2728 3815 se
2766 3779 2867 3812 om.
2917 3789 2984 3798 ——
3035 3763 3065 3812 8
3104 3760 3324 3825 etenim]
3367 3759 3512 3813 enim
3547 3789 3617 3798 -
3659 3761 3719 3810 10
3756 3760 3913 3825 angit
3946 3788 4014 3796 —
4060 3759 4238 3822 nobis]
4291 3775 4341 3810 n.

1511 3852 1753 3905 romanis
1797 3880 1866 3886 ——
1917 3851 1976 3898 13
2013 3850 2123 3912 vel]
2168 3853 2267 3900 aut
2310 3878 2378 3885 —
2419 3849 2479 3898 14
2518 3847 2606 3902 his
2647 3890 2658 3901 .
2693 3888 2703 3898 .
2762 3848 2821 3897 15
2861 3847 3091 3910 romani]
3129 3847 3216 3899 his
3262 3848 3485 3901 accensi
3531 3848 3741 3900 milites
3776 3846 3968 3898 uerbis
4007 3844 4229 3898 habetis
4265 3846 4348 3897 ait

1513 3938 1871 3992 theodericus
1907 3951 2007 3988 rex
2045 3934 2253 3986 romani
2290 3964 2356 3970 —
2402 3936 2461 3987 18
2500 3934 2728 3998 nullum]
2764 3933 2892 3986 hinc
2931 3934 3140 3987 nullum
3174 3963 3244 3971 -
3280 3934 3439 4001 pauit
3472 3963 3546 3971 -
3582 3935 3641 3984 19
3678 3933 3911 3986 comites
3950 3933 4097 3996 duci]
4136 3930 4340 3984 milites

1514 4024 1675 4077 ducis

1282 4145 1576 4228 [Interea]
1640 4147 1729 4226 (p.
1788 4147 1927 4224 110,
1991 4147 2054 4205 11
2096 4144 2361 4222 --111,
2421 4146 2516 4224 10)
2571 4141 2772 4204 Attila
2817 4177 2900 4185 —-
2947 4139 3444 4225 praecipitantur

1518 4284 1630 4344 110,
1667 4283 1720 4331 11
1766 4296 1936 4333 causa
1960 4280 2349 4348 praecedente]
2373 4293 2478 4345 pro
2513 4280 2717 4333 montis
2741 4279 2953 4334 vertice
2989 4308 3056 4316 -—-
3099 4281 3158 4330 12
3185 4282 3332 4347 post]
3358 4279 3662 4332 lectissima
3687 4293 3882 4332 manus
3906 4284 4036 4345 post
4071 4308 4139 4315 —
4182 4280 4240 4329 13
4266 4278 4344 4330 rei

1511 4387 1610 4420 om.
1657 4397 1715 4405 —
1761 4369 1820 4417 15
1857 4371 2158 4420 consuetos
2193 4395 2259 4402 —
2303 4367 2363 4417 16
2399 4366 2706 4418 uindictam
2744 4394 2810 4401 —
2854 4366 2912 4415 18
2950 4365 3215 4418 iudicium
3251 4396 3318 4404 ——
3356 4368 3421 4416 20
3459 4366 3670 4434 campis
3706 4396 3772 4402 —
3811 4366 3868 4415 21
3900 4371 4091 4419 notum
4130 4395 4192 4402 —
4219 4372 4347 4419 sunt

1512 4473 1612 4507 om.
1652 4484 1717 4491 —
1757 4454 1822 4503 22
1862 4453 2290 4521 testudinesque
2328 4481 2393 4489 —
2430 4454 2495 4503 23
2533 4453 2711 4506 aciem
2748 4452 2958 4516 alanos]
2997 4453 3149 4505 acies
3190 4482 3256 4489 —
3307 4454 3372 4503 24
3408 4452 3588 4516 nobis]
3626 4469 3680 4503 n.
3720 4453 3830 4506 erit
3864 4482 3929 4489 —
3967 4452 4134 4505 citam
4174 4453 4346 4505 uicto-

1514 4541 1650 4593 riam
1685 4569 1755 4577 —
1796 4540 1911 4600 111,
1954 4542 1983 4588 4
2020 4539 2224 4593 asserit
2259 4568 2325 4575 —
2363 4540 2393 4588 5
2432 4538 2736 4591 maioribus
2773 4538 2982 4591 nostris
3023 4565 3082 4574 -
3130 4540 3188 4589 10
3226 4553 3466 4606 pugnam

1285 4663 1492 4744 [Circa
1522 4662 1746 4726 horam
1776 4699 1859 4708 —
1893 4666 2074 4745 parte
2106 4659 2562 4744 pugnantibus]
2616 4661 3029 4739 compendium
3060 4662 3445 4720 narrationis
3478 4680 3542 4742 p.
3587 4662 3726 4739 109,
3767 4664 3828 4723 4.
3868 4665 3929 4722 5.
3988 4662 4128 4740 111,
4168 4661 4343 4720 24-

1419 4769 1560 4848 112,
1615 4771 1716 4830 21.
1797 4769 1937 4846 113,
2000 4767 2281 4842 16—213
2347 4767 2649 4827 lVaitzius
2695 4784 2760 4847 p.
2812 4765 2959 4826 681.

1104 4892 1404 5004 Sequitur
1472 4927 1553 5008 (p.
1625 4926 1740 4986 681
1805 4921 1934 5004 ed.)
2004 4923 2181 4985 locus
2238 4919 2317 4984 de
2377 4919 2597 4984 Gallia
2652 4925 2901 4983 comata
2959 4897 3215 4981 insertis
3277 4918 3593 5001 excerptis
3652 4938 3731 4981 ex
3777 4917 4021 4982 Notitia
4065 4917 4338 4996 Galliae,

1103 5064 1269 5126 quae
1314 5044 1544 5107 citatur
1588 5044 1706 5107 sub
1752 5043 2005 5107 nomine
2060 5041 2416 5125 ‘hystoriae
2449 5039 2735 5103 Marcelli
2783 5037 3123 5113 consulis';
3177 5037 3423 5102 scilicet
3469 5036 3761 5103 adhibuit
3805 5038 4072 5122 scriptor
4116 5038 4343 5101 librum

1103 5163 1456 5228 Bertiniani
1516 5163 1790 5227 similem
1863 5165 1973 5246 (St.
2036 5163 2230 5227 Omer
2287 5163 2706 5240 697-1—706),
2771 5160 2837 5222 in
2896 5179 3021 5239 quo
3080 5157 3436 5222 Marcellini
3498 5158 3792 5222 chronico
3851 5158 4190 5223 subiuncta
4249 5164 4347 5223 est

1104 5284 1350 5349 Notitia
1394 5284 1528 5348 illa.
1621 5283 1783 5347 haec
1829 5282 2068 5366 excipit
2111 5282 2288 5345 locus
2326 5280 2700 5364 Hieronymi
2746 5300 2851 5364 ep.
2908 5283 3026 5342 123
3074 5278 3154 5343 de
3200 5277 3384 5342 clade
3432 5277 3788 5343 Galliarum
3836 5287 3899 5343 et
3944 5278 4221 5342 narratio
4265 5276 4344 5341 de

1104 5406 1190 5468 M.
1242 5404 1546 5469 Marcello
1591 5409 1845 5488 sumpta
1890 5424 1969 5467 ex
2016 5403 2197 5466 Pauli
2242 5402 2507 5466 historia
2551 5402 2856 5478 Romana,
2909 5401 3059 5464 item
3107 5399 3187 5463 (10
3233 5399 3348 5463 Cn.
3390 5399 3687 5484 Pompeio
3734 5406 3990 5484 sumpta
4033 5398 4337 5478 indidem,

1105 5523 1221 5591 sed
1265 5534 1334 5591 ut
1378 5526 1493 5591 Cn.
1547 5525 1916 5609 Pompeium
1966 5522 2321 5606 Hispaniae
2366 5522 2668 5586 victorem
2715 5542 2755 5585 a
2799 5521 2915 5585 Cn.
2955 5520 3253 5603 Pompeio
3283 5520 3863 5603 Hierosolymorum
3911 5527 4345 5604 expugnatore

1104 5646 1371 5731 scriptor
1414 5667 1529 5711 suo
1576 5666 1785 5710 errore
1832 5645 2211 5726 distinguat.
2302 5643 2676 5726 interposita
2719 5648 2867 5705 sunt
2911 5639 3205 5704 fabulosa
3262 5640 3462 5703 multa
3518 5641 3907 5723 pertinentia
3963 5640 4047 5704 ad
4092 5641 4345 5705 Galliae

1106 5767 1455 5857 civitatium
1502 5767 1804 5850 origines.
1900 5764 2131 5831 deinde
2177 5765 2466 5850 pergitur
2510 5763 2635 5827 sic:
