4882 6775
1083 488 1164 549 28
2527 481 2890 538 IORDANIS

1081 674 1175 740 vit
1230 673 1447 756 ibique
1506 673 1788 757 aliquam
1848 679 2094 757 partem
2140 673 2409 738 Daciam
2470 673 3003 738 mediterraneam
3057 671 3451 755 Daciamque
3508 671 3827 755 ripensem
3889 670 4215 736 constituit
4271 677 4337 737 et

919 780 1044 842 218
1081 776 1477 842 Dardaniam
1519 775 1731 841 iunxit
1750 780 1819 856 ¹).
1915 775 2215 859 Illyricus
2257 782 2472 841 autem
2519 783 2749 841 cuncta
2796 795 2909 859 per
2953 780 3169 860 partes
3214 774 3472 858 quidem
3520 782 3584 840 et
3627 775 3914 840 membra
3952 774 4207 840 devicta
4250 774 4334 839 ad

1079 900 1274 945 unum
1333 886 1550 944 tamen
1614 897 1845 963 corpus
1903 882 2070 963 apta'
2115 885 2247 961 est,
2314 899 2483 960 quae
2539 878 2738 944 habet
2790 878 2961 943 intra
3021 897 3093 942 se
3151 877 3517 961 provincias
3576 880 3753 942 xvm
3812 884 3876 943 et
3926 883 4074 941 sunt
4115 876 4337 942 Norici

1081 983 1230 1064 du0,
1283 981 1649 1047 Pannonias
1696 980 1878 1062 duas,
1932 981 2213 1064 Valeria,
2266 981 2542 1062 Suavia,
2595 980 2955 1063 Dalmatia,
3008 980 3255 1045 Moesia
3298 981 3623 1064 superior,
3676 980 4045 1062 Dardania,
4097 979 4336 1045 Dacias

1016 1108 1042 1146 5
1080 1085 1266 1167 duas,
1317 1084 1718 1167 Macedonia,
1769 1083 2136 1163 Thessalia,
2188 1084 2457 1163 Achaia,
2510 1085 2759 1167 Epyros
2804 1083 2987 1161 duos,
3040 1084 3410 1161 Praevales,
3463 1083 3672 1164 Creta,
3725 1083 3917 1148 simul
3960 1100 4138 1146 xvm
4153 1084 4197 1164 2)
4216 1133 4230 1147 .

919 1192 1045 1253 219
1253 1187 1567 1253 Thracias
1619 1192 1839 1279 ¹autem
1899 1207 2026 1252 non
2078 1187 2267 1252 aliter
2330 1186 2457 1271 nisi
2523 1186 2775 1252 occasio
2833 1186 3231 1251 Macedonici
3296 1185 3454 1251 belli
3518 1185 3673 1252 fecit
3737 1185 4119 1270 adgredere.
4213 1186 4338 1251 diri
4362 1199 4468 1241 Bur·
4498 1202 4525 1241 ⁹

1078 1311 1358 1374 namque
1401 1291 1692 1356 homines
1738 1290 2145 1374 omniumque
2190 1290 2478 1373 gentium
2524 1289 2905 1355 ferocissimi
2947 1295 3097 1354 suut
3138 1290 3462 1371 Thraces,
3523 1309 3790 1373 quorum
3837 1289 4173 1355 saevitiam
4219 1310 4338 1374 pa-

1079 1394 1233 1458 riter
1290 1394 1532 1458 habent
1589 1399 1654 1458 et
1713 1392 2031 1457 Scordisci
2092 1398 2158 1457 et
2199 1392 2567 1457 Emimontii
2610 1391 2941 1475 Asficique
2961 1394 3032 1474 ³),
3098 1392 3177 1457 ob
3233 1412 3500 1474 quorum
3558 1392 4021 1458 immanitatem
4066 1392 4337 1457 Romani

1080 1497 1286 1561 multa
1331 1502 1396 1561 et
1440 1495 1670 1578 gravia
1712 1496 2145 1580 pertulerunt,
2204 1495 2572 1577 crebrisque
2633 1494 2978 1560 certatibus
3022 1494 3341 1560 exercitus
3386 1514 3636 1560 caesus.
3732 1494 3817 1559 ad
3863 1502 4254 1579 postremum
4300 1515 4341 1559 a

984 1621 1041 1660 ιο
1081 1600 1295 1667 Marco
1340 1598 1533 1663 Didio
1581 1605 1646 1663 et
1684 1598 1812 1681 ipsi
1858 1597 2138 1679 subacti,
2192 1605 2256 1663 et
2301 1599 2441 1663 loca
2487 1618 2707 1663 eorum
2751 1598 2817 1663 in
2863 1597 3253 1683 provinciam
3297 1598 3594 1680 redacta,
3644 1597 3868 1681 iugum
3915 1598 4169 1682 excepit
4210 1599 4341 1663 Ro-

919 1706 1046 1767 220
1083 1722 1363 1767 manum.
1459 1721 1608 1765 nam
1667 1701 1922 1765 Marcus
1981 1700 2231 1765 Drusus
2296 1701 2471 1765 intus
2538 1719 2649 1766 eos
2713 1701 2780 1765 in
2846 1701 3166 1766 montibus
3226 1721 3442 1766 eorum
3501 1701 3830 1782 contrivit,
3897 1701 4217 1767 Minucius
4272 1700 4340 1765 in

1080 1805 1252 1870 Ebro
1312 1823 1502 1869 amne
1561 1823 1776 1867 eorum
1835 1804 2071 1868 multos
2131 1802 2405 1868 extinxit
2465 1810 2530 1868 et
2585 1803 2761 1868 vicit.
2855 1803 3189 1887 Rodopeni
3233 1823 3344 1887 per
3390 1803 3669 1887 Appium
3716 1803 4059 1870 Claudium
4104 1803 4342 1869 devicti

1083 1912 1233 1972 sunt
1276 1913 1339 1971 et
1385 1905 1676 1970 civitates
1722 1905 2075 1970 maritimas
2120 1906 2435 1989 Europae,
2488 1925 2657 1989 quae
2703 1905 2943 1971 dudum
2989 1907 3319 1971 Romanae
3365 1905 3642 1972 fuissent
3685 1913 3750 1972 et
3791 1906 4196 1990 postmodum
4240 1925 4343 1970 re·—

918 2014 1035 2075 221
1081 2008 1471 2089 bellassent,
1539 2008 1793 2072 Marcus
1840 2006 2143 2071 Romanis
2210 2007 2470 2089 subegit
2523 2008 2866 2073 Lucullus:
2942 2008 2997 2072 si
3057 2007 3317 2091 quidem
3374 2008 3618 2092 primus
3677 2008 3746 2073 in
3789 2008 4068 2073 Thracia
4128 2014 4342 2073 contra

986 2132 1045 2172 ιε»
1082 2112 1322 2177 Bessos
1395 2129 1693 2195 pugnans
1763 2128 1874 2175 eos
1948 2109 2057 2192 qui
2114 2109 2180 2174 in
2242 2110 2611 2175 fortitudine
2667 2110 2967 2193 famaque
3025 2110 3362 2195 praeibant
3419 2110 3657 2178 devicit
3673 2114 3715 2192 ⁴)
3797 2110 4341 2193 Emimontiosque

1080 2213 1455 2294 debellans,
1521 2212 1935 2296 Pulpudeva,
1995 2232 2163 2293 quae
2222 2233 2394 2278 nunc
2437 2213 2904 2297 Philippopolis
2926 2215 3015 2296 ⁶),
3083 2220 3149 2278 et
3209 2214 3610 2295 Vscudama,
3679 2234 3846 2296 quae
3889 2212 4342 2296 Adrianopolis

1081 2315 1469 2397 vocitantur,
1533 2314 1601 2380 in
1660 2315 2090 2379 Romanorum
2150 2315 2403 2398 redegit
2463 2315 2762 2380 dominio.
2860 2314 3281 2399 similiterque
3341 2315 3604 2399 capiens
3663 2322 3730 2381 et
3785 2316 4111 2396 civitates,
4179 2334 4342 2398 quae

1081 2418 1251 2483 litori
1308 2416 1571 2482 Pontico
1629 2416 2043 2499 inherebant,
2114 2416 2183 2482 id
2240 2424 2340 2483 est
2383 2418 2728 2502 Apollonia
2774 2417 3009 2483 Galato
3054 2418 3575 2503 Parthenopolim
3620 2419 3899 2483 Thomos
3943 2419 4143 2500 Istro,
4209 2437 4344 2482 om-

986 2544 1043 2583 ιυ
1082 2520 1319 2603 niaque
1363 2520 1507 2585 loca
1550 2537 1753 2603 usque
1797 2519 1884 2584 ad
1928 2519 2297 2585 Danubium
2342 2520 2628 2585 subdens
2673 2520 2931 2605 Scythis
2977 2520 3257 2585 ostendit
3301 2522 3728 2585 Romanorum
3772 2520 4092 2586 virtutem.

919 2628 1046 2689 222
1254 2622 1580 2687 Hactenus
1639 2621 1724 2686 ad
1779 2628 1997 2706 partes
2057 2622 2392 2687 occiduas:
2477 2642 2647 2688 nunc
2706 2643 2829 2706 que
2883 2623 2953 2687 in
3013 2624 3149 2688 an
3207 2624 3406 2707 plaga
3463 2630 3611 2689 acta
3661 2630 3811 2688 sunt
3867 2639 4333 2707 percurramus.
4366 2637 4471 2678 nur.
4507 2639 4557 2679 ιο

1083 2724 1356 2809 primum
1417 2723 1679 2807 quidem
1734 2725 1802 2790 in
1846 2724 2008 2789 Asia
2054 2725 2262 2790 locum
2307 2724 2580 2790 Romani
2626 2724 3011 2791 hereditario
3055 2726 3194 2791 iure
3238 2726 3637 2792 invenerunt.
3733 2745 3881 2790 nam
3927 2725 4185 2791 Attalus
4228 2744 4339 2789 rex

1084 2827 1513 2892 amicissimus
1571 2828 1791 2913 populi
1835 2828 2107 2893 Romani
2165 2827 2465 2893 humanis
2526 2828 2719 2893 rebus
2779 2828 3099 2894 excedens
3143 2849 3259 2913 per
3302 2834 3753 2901 testamentum
3800 2847 3985 2894 suum
4023 2829 4346 2893 Romanos

1086 2950 1202 2995 suo
1258 2930 1328 2994 in
1390 2950 1587 3013 regno
1641 2929 1917 2996 heredes
1977 2930 2332 2997 constituit:
2402 2951 2594 3014 quam
2650 2951 2815 3015 pene
2871 2951 2998 2996 non
3059 2939 3209 2997 ante
3256 2932 3580 2996 Romanus
3639 2932 3916 3016 populus
3962 2930 4159 3012 adiit,
4220 2929 4346 2994 nisi

951 3053 1050 3099 ’24
1089 3040 1155 3100 et
1207 3036 1329 3098 'suo
1387 3033 1604 3098 labore
1662 3033 1875 3099 vicina
1932 3033 2075 3098 loca
2131 3034 2441 3123 cepisset,
2506 3032 2578 3098 id
2635 3039 2736 3098 est
2792 3033 3003 3118 Lydia
3046 3033 3241 3099 Caria
3284 3034 3646 3117 Ellispoutu
3703 3040 4008 3116 utrasque
4064 3032 4343 3115 Frigias.

924 3143 1050 3206 223
1088 3156 1236 3200 nam
1281 3135 1501 3201 Rodus
1557 3135 2002 3220 opinatissima
2059 3135 2276 3201 insula
2333 3143 2397 3201 et
2453 3135 2649 3201 totius
2692 3135 2914 3202 Atriae
2971 3135 3328 3201 insularum
3387 3136 3756 3220 metropolis
3809 3156 3953 3201 cum
3999 3154 4166 3220 pene
4210 3155 4347 3200 om-

1086 3238 1279 3304 nibus
1339 3237 1733 3323 Cycladibus
1754 3288 1768 3316 ,
1851 3258 2032 3303 arma
2085 3239 2547 3323 pertimescens
2602 3240 2894 3303 Romana
2913 3290 2927 3317 ,
3008 3238 3137 3303 iam
3204 3238 3448 3304 dudum
3515 3256 3589 3304 se
3655 3238 4053 3304 foederatam
4111 3237 4344 3322 populo

1086 3341 1184 3407 illi
1244 3340 1699 3407 coniuncxerat
1754 3347 1819 3407 et
1876 3341 2095 3407 nabali
2155 3340 2328 3407 bello
2374 3341 2618 3407 solacia
2664 3340 3087 3407 condonabat.
3179 3360 3324 3406 cum
3367 3340 3601 3425 quibus
3646 3341 3959 3407 Servilius
4004 3339 4342 3426 proconsul
4373 3357 4480 3399 nur.
4516 3360 4560 3400 n

1087 3444 1369 3510 directus
1427 3441 1616 3526 quasi
1673 3444 1938 3528 piratico
1996 3445 2168 3510 bello
2223 3445 2512 3510 obtenuit
2566 3451 2784 3510 tamen
2843 3445 3292 3530 Pamphyliam
3312 3496 3327 3526 ,
3410 3445 3674 3530 Lyciam
3732 3445 4168 3526 Pisidiamque
4229 3442 4347 3508 de-

1088 3547 1241 3612 vicit
1295 3546 1577 3628 fecitque
1635 3547 2049 3631 provinciam.
2143 3547 2497 3635 Bithiniam
2554 3568 2705 3613 vero
2766 3547 3137 3613 Nicomedis
3195 3567 3308 3612 rex
3360 3548 3640 3613 moriens
3699 3547 4131 3614 testamentali
4189 3565 4343 3610 voce

992 3675 1052 3717 eo
1091 3648 1395 3714 Romanis
1440 3647 1743 3734 reliquid.

1262 3943 1384 3990 ΗΡ
1411 3943 1452 3991 ν
1473 3942 1533 3992 L.
1571 3969 1643 3979 -
1681 3941 1816 3993 Mur.
1854 3956 1907 4004 p.
1938 3930 2064 3992 233⁶
2098 3959 2145 3991 υ.
2178 3941 2245 3992 28
2281 3944 2466 3992 -ratico
2500 3946 2650 3994 bono.

1264 4080 1294 4129 2
1331 4076 1530 4147 iunxit]
1577 4081 1632 4140 V,
1672 4081 1873 4128 iuncxit
1909 4079 1965 4139 P,
2008 4081 2143 4127 inxit
2179 4078 2239 4142 L,
2282 4081 2550 4128 coniunxit
2584 4082 2641 4128 H
2861 4081 2890 4129 5
2929 4081 3241 4130 macedoniae
3277 4082 3536 4130 thessalias
3574 4081 3620 4128 P
3843 4083 3871 4131 7
3911 4083 4123 4132 saeuitia
4170 4083 4220 4142 1⁷,
4264 4098 4343 4132 se·

1092 4167 1218 4215 uitia
1255 4166 1341 4214 PL
1549 4164 1580 4215 8
1616 4167 1928 4213 immanitate
1968 4164 2062 4212 PV
2272 4164 2333 4214 10
2368 4167 2629 4227 prouincia
2653 4167 2761 4228 PV,
2802 4168 3054 4228 prouintia
3081 4167 3125 4214 L
3339 4166 3400 4216 12
3437 4164 3579 4233 ebro]
3614 4168 3730 4215 libri
3936 4165 4199 4236 rodopeni]
4234 4169 4346 4218 libri

1095 4250 1157 4300 13
1193 4252 1401 4300 ciuitate
1426 4266 1545 4301 mar.
1577 4249 1664 4311 1²⁸,
1705 4265 1827 4300 mar.
1858 4252 2092 4299 ciuitates
2128 4250 2169 4298 V
2377 4250 2437 4300 14
2476 4253 2710 4301 thraciam
2734 4253 2895 4314 HPV,
2938 4255 3136 4301 traciam
3172 4253 3213 4300 L
3428 4253 3489 4303 16
3526 4250 3814 4319 uscudama]
3850 4241 4030 4317 HPbL,
4073 4269 4347 4303 uscuuma

1095 4336 1167 4384 P‘
1415 4336 1469 4385 17
1511 4337 1691 4396 redigit
1738 4337 1779 4383 V
2021 4335 2083 4385 18
2118 4332 2305 4402 galato]
2349 4337 2494 4385 libri.-
2531 4339 2797 4399 calathum,
2839 4339 3058 4399 galatum
3093 4339 3210 4401 Rufi
3246 4338 3389 4387 libri:
3428 4341 3730 4399 intelleqae'tur
3765 4338 3972 4387 Callatis
4203 4336 4347 4407 istro]

1094 4422 1205 4470 libri
1482 4422 1548 4471 20
1596 4423 1742 4484 plaga
1778 4416 1909 4487 acta]
1946 4418 2099 4481 P2L,
2145 4423 2342 4483 plagata
2378 4423 2430 4470 H
2443 4421 2605 4483 ¹P1V,
2659 4425 2803 4486 plaga
2851 4427 2949 4473 sita
2985 4422 3071 4471 H2
3347 4424 3413 4473 24
3450 4425 3583 4484 lydia
3626 4424 3762 4484 (lidia
3799 4423 3857 4483 1.)
3901 4426 4031 4472 caria
4067 4426 4343 4488 ellespontu

1099 4510 1385 4570 (ellispontu
1424 4508 1482 4569 P)
1525 4508 1711 4555 HPVL
1919 4504 2117 4574 frigiae]
2153 4508 2267 4556 libri
2494 4508 2558 4557 25
2595 4513 2716 4558 totis
2756 4510 2800 4557 P
3003 4506 3183 4576 atriae]
3223 4510 3335 4557 HP¹
3350 4511 3405 4571 V,
3447 4511 3581 4559 asiae
3620 4507 3737 4558 1²21.
3970 4510 4034 4560 26
4074 4525 4128 4559 se
4167 4527 4266 4560 om.
4305 4511 4347 4557 L

1092 4594 1155 4643 27
1195 4590 1403 4661 solacia]
1440 4593 1598 4656 HPV,
1638 4594 1833 4643 solialia
1866 4592 1957 4655 L‘,
2000 4594 2193 4642 sotialia
2229 4580 2298 4641 Ι)
2582 4595 2648 4645 28
2685 4597 3054 4658 phamphyliam
3093 4597 3159 4655 H,
3200 4596 3526 4658 pamphiliam
3576 4595 3660 4642 VL
3934 4597 4246 4662 psidiamque
4285 4597 4343 4658 L,

1092 4682 1456 4743 pissidiamque
1503 4677 1544 4727 V
1792 4678 1858 4728 29
1895 4680 2153 4741 prouincia
2188 4679 2270 4740 ΡΙ,
2309 4682 2592 4741 prouincias
2628 4678 2746 4728 P2V
2988 4678 3281 4748 bithiniam]
3316 4681 3469 4741 PVL,
3509 4682 3718 4730 bithiam
3755 4681 3808 4727 Η
4055 4678 4349 4747 nicomedis]

1092 4766 1206 4814 libri
1413 4766 1709 4813 momoriens
1748 4764 1792 4811 P

1273 4989 1316 5052 1)
1357 5004 1448 5051 per
1484 4987 1814 5037 Aurelianum
1862 4989 2116 5037 translatis
2164 4989 2352 5037 exinde
2391 4990 2627 5037 Romanis
2676 4990 2806 5038 duae
2842 4990 3022 5037 Daciae
3070 4991 3128 5037 in
3175 4989 3465 5049 regionibus
3501 4988 3719 5037 Moesiae
3764 5004 3820 5038 ac
3857 4990 4141 5039 Dardaniae
4191 4993 4349 5039 factae

1097 5081 1217 5124 sunt
1253 5074 1455 5134 Rufus:
1499 5075 1766 5122 Daciarum
1802 5074 2018 5123 duarum
2051 5075 2294 5123 vocabula
2330 5075 2389 5124 de
2424 5090 2517 5124 suo
2551 5075 2743 5123 addidit
2781 5075 3038 5125 Iordanes.

1268 5160 1315 5223 2)
1358 5161 1584 5208 similiter
1618 5159 1800 5219 Rufus,
1841 5163 1942 5208 nisi
1976 5159 2106 5222 quod
2140 5161 2380 5209 vocabula
2415 5164 2641 5223 superior
2680 5162 2924 5210 Dardania
2960 5176 3018 5210 cx
3054 5165 3157 5210 cius
3192 5162 3328 5210 libris
3364 5160 3503 5210 hodie
3539 5164 3668 5210 notis
3704 5160 4003 5209 exciderunt.

1271 5245 1320 5311 3)
1360 5246 1716 5294 Haemimoutii
1752 5247 2023 5308 Astioique
2069 5249 2252 5306 sumpti
2299 5253 2412 5295 sunt
2458 5260 2517 5295 ca:
2553 5250 2819 5308 provinciis
2858 5247 2970 5312 Rufi
3021 5261 3146 5310 quac
3180 5250 3297 5295 sunt
3333 5246 3717 5295 Haemimontus
3752 5252 3799 5295 et
3835 5247 4067 5309 Scythia3
4122 5247 4181 5296 de
4218 5249 4351 5296 Astis

1096 5347 1158 5381 ne
1193 5335 1374 5394 capita.

1268 5415 1320 5476 4)
1360 5417 1586 5478 Europae
1632 5419 1907 5466 maritimas
1954 5419 2100 5466 urbes
2149 5423 2296 5465 antea
2331 5417 2550 5466 Romana
2597 5418 2771 5467 classis
2819 5419 3067 5467 obtinuit:
3122 5418 3318 5467 Marcus
3357 5418 3597 5466 Lucullus
3630 5432 3722 5481 per
3758 5418 3994 5467 Thracias
4030 5432 4144 5466 cum
4183 5419 4351 5467 Bessis

1097 5505 1295 5564 primus
1331 5503 1560 5550 conflixit
1595 5502 1780 5565 Rufus.

1272 5588 1320 5648 5)
1364 5588 1744 5650 Eumolpiadam
1779 5602 1908 5650 quae
1945 5603 2080 5637 nunc
2116 5590 2477 5652 Philippopolis
2513 5590 2698 5639 dicitur
2733 5589 2905 5649 Rufus
2949 5589 3035 5650 (cf.
3078 5591 3328 5639 Ammian.
3372 5590 3456 5648 22,
3499 5591 3546 5652 2,
3592 5591 3639 5638 2.
3683 5590 3769 5650 26,
3812 5591 3894 5650 10,
3935 5593 3986 5639 A.
4028 5590 4112 5649 27,
4154 5592 4204 5648 A,
4249 5590 4349 5651 12);

1100 5673 1286 5724 Graeco
1320 5676 1512 5723 nomini
1546 5673 1683 5734 apud
1719 5679 1971 5723 auctorem
2008 5678 2207 5724 invento
2245 5675 2485 5725 Iordanes
2521 5675 2596 5723 hic
2633 5681 2678 5724 et
2712 5690 2755 5725 c.
2788 5677 2887 5725 283
2924 5675 3174 5724 substituit
3210 5675 3261 5723 id
3298 5674 3427 5736 quod
3462 5675 3598 5736 apud
3635 5676 3895 5736 indiymas
3929 5675 4174 5723 obtinebat
4203 5688 4352 5735 prae-

1101 5768 1228 5811 terea
1263 5774 1373 5812 non
1409 5760 1666 5809 traditum.
4277 5753 4283 5768 ¹
