4882 6775
1980 518 2318 577 ROMANA.
3691 523 3766 584 21

517 708 695 774 colas
753 706 980 774 terruit
1026 706 1320 790 adeoque
1366 707 1540 774 omni
1582 714 1756 774 terra
1800 716 1866 775 et
1907 708 2069 774 mari
2112 710 2362 776 Poenos
2407 709 2740 794 purgavit,
2807 716 2881 775 ut
2920 709 3051 774 iam
3095 708 3400 776 victoriae
3443 708 3605 773 nihil
3650 708 3775 774 nisi

89 820 243 862 mom
292 823 338 872 2.
369 824 412 871 2.
445 825 490 864 Π
517 810 740 877 Africa
795 810 940 896 ipsa
999 818 1294 878 restaret.
1386 812 1601 878 Marco
1657 812 1855 878 Atilio
1915 814 2166 896 Regulo
2225 813 2389 879 duce
2447 813 2579 879 iam
2637 812 2707 878 in
2751 812 3035 878 Africam
3095 812 3452 895 navigabat
3507 812 3773 877 bellum.
3823 816 3941 877 168

515 934 636 980 nec
681 914 1022 980 defuerant
1061 915 1169 998 qui
1213 915 1282 979 in
1326 914 1468 1000 ipso
1514 916 1752 982 Punico
1797 916 1995 982 maris
2038 916 2295 983 nomine
2340 937 2417 983 ac
2462 922 2702 982 terrore
2749 916 3127 982 deficerent:
3190 915 3458 1001 insuper
3499 923 3779 999 augente

517 1017 708 1083 Natio
769 1018 1021 1083 tribuno
1080 1025 1350 1097 metum,
1415 1018 1485 1084 in
1544 1039 1734 1101 quem
1792 1018 1920 1083 nisi
1977 1019 2300 1103 paruisset
2359 1018 2565 1086 securi
2622 1019 2928 1084 destricta
2984 1019 3332 1103 imperator
3389 1026 3563 1084 metu
3608 1040 3780 1085 mor-

371 1143 411 1173 c·
445 1134 492 1175 ¹8
518 1119 602 1186 tis
646 1119 1004 1203 navigandi
1050 1120 1204 1186 fecit
1246 1121 1610 1188 audaciam.
1703 1142 1853 1187 mox
1899 1122 2134 1189 deinde
2180 1123 2392 1189 ventis
2435 1122 2756 1205 remisque
2802 1129 3244 1208 prosperatum
3290 1128 3389 1188 est
3432 1128 3779 1205 tantusque
3819 1146 3845 1183 r,

516 1233 715 1292 terror
761 1224 987 1291 hostici
1031 1224 1347 1291 adventus
1393 1226 1629 1292 Poenis
1673 1226 1828 1306 fuit,
1889 1233 1959 1292 ut
2002 1226 2244 1312 apertis
2289 1248 2455 1312 pene
2501 1227 2704 1312 portis
2749 1227 3076 1308 Chartago
3122 1233 3479 1310 caperetur.
3571 1226 3779 1311 prima
3822 1231 3940 1290 169

371 1342 491 1381 c-19
516 1329 912 1413 prooemium
956 1328 1115 1394 belli
1161 1329 1282 1395 fuit
1325 1329 1551 1395 civitas
1596 1330 1877 1415 Clypea:
1946 1330 2153 1415 prima
2210 1330 2379 1396 enim
2424 1351 2466 1395 a
2510 1330 2749 1397 Punico
2808 1330 2991 1396 litore
3050 1330 3235 1413 quasi
3294 1351 3411 1395 arx
3470 1336 3535 1395 et
3594 1348 3780 1414 spec-

371 1453 412 1483 c·
440 1442 493 1484 2⁰
518 1432 734 1498 tacula
776 1431 1108 1517 procurrit.
1203 1440 1267 1498 et
1309 1433 1469 1499 haec
1514 1439 1578 1498 et
1621 1440 1908 1499 trecenta
1962 1433 2242 1517 amplius
2302 1434 2574 1498 castella
2632 1439 2887 1499 vastata
2943 1440 3109 1498 sunt.
3205 1452 3324 1498 nec
3382 1453 3526 1498 cum
3570 1430 3780 1497 homi-

516 1536 740 1618 nibus,
794 1536 911 1601 sed
956 1555 1101 1601 cum
1145 1536 1445 1602 monstris
1489 1556 1742 1620 quoque
1788 1535 2158 1601 dimicatum
2206 1543 2336 1618 est,
2398 1557 2541 1603 cum
2587 1536 2774 1620 quasi
2816 1537 2881 1602 in
2926 1536 3276 1602 vindictam
3322 1536 3579 1601 Africae
3624 1542 3778 1601 nata
3816 1558 3842 1597 o

368 1659 409 1689 0·
439 1649 487 1691 2¹
518 1638 718 1705 mirae
784 1638 1243 1722 magnitudinis
1311 1658 1576 1724 serpens
1640 1640 1854 1724 posita
1917 1638 2092 1724 apud
2155 1639 2513 1705 Bracadam
2582 1647 2793 1705 castra
2858 1640 3200 1704 vixaverit.
3312 1638 3429 1705 sed
3495 1639 3775 1703 omnium
3822 1645 3893 1704 17
3903 1644 3941 1703 0

516 1741 717 1807 victor
761 1743 1050 1825 Regulus
1110 1762 1253 1808 cum
1310 1749 1614 1808 terrorem
1675 1742 1951 1808 nominis
2008 1743 2107 1808 sui
2165 1742 2336 1808 latae
2383 1742 2912 1823 circumtulisset,
2981 1762 3254 1827 cumque
3298 1762 3600 1824 magnam
3646 1741 3776 1806 vim

514 1845 861 1911 iuventutis
929 1845 1254 1930 ducesque
1318 1845 1498 1930 ipsos
1563 1852 1675 1911 aut
1744 1846 2026 1931 cepisset
2088 1851 2200 1911 aut
2265 1847 2533 1912 haberet
2596 1846 2665 1911 in
2732 1846 3006 1912 vinculis
3072 1847 3474 1929 classemque
3528 1845 3776 1928 ingenti

515 1949 757 2034 praeda
813 1955 1107 2014 onustam
1166 1955 1232 2014 et
1286 1948 1608 2034 triumpho
1666 1970 1931 2033 gravem
1987 1950 2056 2014 in
2115 1949 2336 2015 urbem
2384 1948 2855 2034 praemisisset,
2922 1948 3051 2014 iam
3106 1948 3317 2033 ipsam
3368 1947 3527 2014 belli
3586 1954 3780 2032 caput

366 2070 406 2098 ⁰-
438 2059 491 2101 2²
518 2052 976 2134 Chartaginem
1037 2053 1357 2135 urguebat
1405 2052 1742 2118 obsidione
1799 2052 2087 2137 ipsisque
2148 2052 2349 2136 portis
2409 2052 2768 2117 inherebat.
2864 2051 2970 2116 bic
3015 2052 3347 2135 paululum
3394 2051 3777 2116 circumacta
3822 2058 3927 2117 171

518 2155 771 2221 fortuna
828 2163 962 2237 est,
1029 2162 1274 2221 tantum
1329 2162 1399 2221 ut
1441 2156 1630 2241 plura
1674 2162 1895 2221 essent
1936 2157 2264 2220 Romanae
2309 2154 2564 2221 virtutis
2608 2154 2929 2237 insignia,
2994 2155 3177 2220 cuius
3221 2155 3356 2220 fere
3401 2152 3777 2235 magnitudo
3821 2177 3878 2217 15

362 2278 406 2307 e·
437 2266 489 2307 2³
517 2258 998 2324 calamitatibus
1050 2259 1459 2344 adprobatur.
1555 2279 1703 2324 nam
1764 2258 2092 2324 conversis
2153 2257 2240 2322 ad
2298 2265 2566 2325 externa
2624 2259 2873 2323 auxilia
2932 2258 3225 2323 hostibus
3282 2278 3425 2323 cum
3477 2258 3780 2340 Xantyp—

518 2382 668 2446 pum
727 2362 861 2426 illis
920 2361 1147 2427 ducem
1196 2360 1600 2428 Lacedemon
1657 2361 1973 2443 misisset,
2039 2383 2080 2426 a
2139 2361 2275 2426 viro
2321 2361 2590 2426 militiae
2635 2362 3021 2446 peritissimo
3067 2362 3354 2445 Regulus
3399 2361 3606 2427 victus
3650 2367 3771 2439 est,
3865 2393 3874 2401 ·

517 2465 834 2550 foedaque
880 2465 1101 2531 clades
1148 2466 1581 2549 Romanisque
1627 2485 1748 2530 usu
1794 2465 2154 2548 incognita:
2209 2485 2357 2530 nam
2404 2464 2591 2529 vivus
2635 2465 2704 2529 in
2750 2484 2978 2530 manus
3023 2466 3299 2532 hostium
3341 2463 3521 2531 venit
3562 2461 3778 2528 fortis-

517 2569 718 2634 simus
763 2570 1129 2654 imperator.
1213 2570 1331 2635 sed
1375 2569 1489 2635 ille
1533 2568 1795 2652 quidem
1841 2589 1959 2653 par
2001 2574 2218 2634 tantae
2264 2568 2652 2633 calamitatis
2696 2567 2840 2650 fuit,
2893 2589 3040 2633 nam
3085 2588 3206 2634 nec
3234 2567 3474 2634 Punico
3519 2585 3775 2632 carcere
3822 2574 3939 2634 172

363 2690 404 2720 0·
436 2680 487 2721 2⁴
515 2671 823 2738 infractus
881 2678 982 2738 est
1031 2691 1152 2737 nec
1198 2672 1520 2755 legatione
1566 2678 1899 2756 suscepta:
1964 2672 2201 2756 quippe
2247 2671 2510 2737 diversa
2553 2692 2743 2756 quam
2791 2671 2991 2741 hostis
3036 2671 3457 2737 mandaverat
3498 2669 3769 2750 censuit,
3816 2693 3877 2733 20

364 2794 406 2822 0·
437 2783 491 2824 2⁵
517 2796 599 2842 ne
661 2796 792 2860 pax
856 2775 1041 2841 fieret
1103 2795 1221 2841 nec
1289 2775 1695 2841 commutatio
1762 2775 2159 2860 captivorum
2225 2780 2652 2859 receperetur.
2749 2772 2868 2840 sed
2924 2794 3045 2840 nec
3100 2775 3213 2839 illo
3272 2773 3629 2839 voluntario
3688 2772 3775 2837 ad

514 2879 732 2945 hostes
790 2897 941 2944 suos
1000 2878 1208 2944 redito
1267 2899 1386 2944 nec
1444 2878 1667 2943 ultimo
1721 2878 1860 2944 sive
1922 2898 2176 2944 carcere
2235 2896 2351 2943 seu
2397 2877 2711 2962 supplicio
2758 2877 3117 2944 deformata
3160 2877 3490 2942 maiestas.
3582 2875 3776 2940 immo

515 2982 616 3048 his
672 2982 970 3047 omnibus
1026 2981 1486 3048 ammirabilior
1548 2981 1705 3064 quid
1771 2980 1950 3046 aliud
1994 3000 2190 3063 quam
2256 2980 2459 3046 victor
2526 2980 2608 3046 de
2674 2979 3023 3046 victoribus
3080 2987 3271 3063 atque
3330 2981 3522 3045 etiam
3544 3031 3559 3061 ,
3624 2978 3778 3060 quia

361 3105 404 3133 0·
436 3093 489 3134 2⁶
515 3085 838 3168 Chal-tago
882 3106 1009 3150 non
1052 3092 1356 3167 cesserat,
1408 3084 1491 3150 de
1536 3085 1795 3152 fortuna
1838 3084 2300 3170 triumphavit?
2370 3085 2648 3169 populus
2693 3090 2907 3149 autem
2954 3086 3280 3149 Romanus
3324 3084 3524 3148 multo
3569 3082 3779 3148 acrior
3816 3107 3873 3147 24

356 3206 399 3235 e·
429 3194 482 3236 2⁷
508 3188 937 3271 intentiorque
993 3208 1108 3273 pro
1168 3188 1409 3253 ultione
1455 3187 1689 3270 Reguli
1747 3208 1938 3272 quam
1997 3208 2111 3272 pro
2170 3187 2438 3252 victoria
2497 3185 2637 3252 fuit.
2733 3187 2994 3252 Metello
3053 3186 3247 3271 igitur
3306 3187 3566 3252 consule
3622 3206 3775 3251 con-
3823 3194 3938 3255 173

509 3291 901 3375 spirantibus
959 3289 1160 3356 artius
1205 3290 1438 3356 Poenis
1498 3297 1562 3356 et
1607 3309 1865 3356 reverso
1924 3290 1992 3355 in
2037 3289 2325 3356 Siciliam
2384 3290 2558 3355 bello
2616 3289 2788 3374 apud
2834 3290 3217 3355 Panormum
3263 3288 3358 3354 sic
3403 3289 3620 3354 hostes
3665 3308 3776 3354 ce-

358 3414 399 3443 e-
429 3403 483 3445 2⁸
510 3394 669 3460 cidit
712 3397 1039 3460 Romanus
1098 3395 1451 3476 exercitus,
1517 3415 1599 3460 ne
1656 3395 1937 3479 amplius
1999 3415 2143 3460 eam
2199 3394 2480 3460 insulam
2527 3392 2799 3478 adgredi
2855 3394 3231 3477 cogitarent.
3326 3399 3772 3474 argumentum

506 3497 738 3581 ingens
797 3497 1102 3563 victoriae
1163 3504 1417 3564 centum
1474 3497 1724 3563 circiter
1786 3497 2206 3564 elefantorum
2267 3497 2631 3582 captivitas.
2725 3497 2818 3561 sic
2874 3516 3126 3580 quoque
3179 3515 3451 3580 magnas
3496 3495 3773 3580 praedas

360 3620 401 3649 ⁶·
431 3609 484 3651 2⁹
512 3601 666 3683 egit,
719 3608 790 3667 ut
832 3622 1096 3685 gregem
1143 3601 1325 3666 illum
1371 3622 1498 3666 non
1542 3602 1737 3685 bello,
1790 3601 1909 3666 sed
1955 3601 2293 3667 venatione
2341 3600 2646 3685 cepisset.
2724 3600 2974 3685 Appius
3019 3599 3334 3665 Claudius
3379 3599 3599 3665 consul
3646 3618 3771 3664 non
3818 3591 3932 3651 ¹74

510 3704 594 3770 ab
625 3703 919 3770 hostibus
979 3704 1097 3769 sed
1154 3725 1195 3769 a
1253 3703 1379 3770 diis
1433 3703 1594 3789 ipsis
1640 3711 1979 3789 superatus
2025 3710 2146 3786 est,
2198 3723 2463 3788 quorum
2511 3703 2804 3788 auspicia
2849 3709 3356 3787 contempserat,
3420 3702 3509 3768 ibi
3557 3701 3792 3795 statim·
3813 3713 3872 3752 ³⁰

508 3808 718 3873 classe
765 3806 1079 3889 dimersa,
1147 3808 1257 3872 ubi
1301 3807 1413 3874 ille
1458 3806 1866 3892 praecipitari
1910 3807 2122 3891 pullos
2165 3807 2476 3887 iusserat,
2541 3806 2713 3889 quod
2767 3826 3067 3891 pugnare.
3114 3806 3196 3871 ab
3257 3805 3359 3870 his
3419 3811 3765 3872 vetaretur.

359 3928 402 3959 ο·
431 3919 484 3960 ³⁰
509 3910 764 3976 Marcus
806 3910 1048 3976 Fabius
1094 3911 1297 3976 Buteo
1357 3910 1631 3976 classem
1685 3909 1816 3974 iam
1860 3909 1926 3973 in
1971 3908 2188 3974 Africo
2232 3909 2393 3974 mari
2437 3909 2614 3994 apud
2658 3909 3034 3994 Egimurum
3078 3909 3357 3974 hostium
3402 3908 3471 3973 in
3514 3908 3769 3975 Italiam
3817 3901 3933 3960 175

358 4033 400 4063 ¹²·
428 4023 475 4063 ³¹
507 4014 673 4080 ultro
717 4013 1131 4097 navigantem
1176 4013 1427 4080 cecidit.
1522 4020 1929 4097 quantusque
1973 4020 2109 4079 tum
2152 4011 2514 4096 triumphus
2559 4018 2937 4097 tempestate
2980 4012 3340 4093 intercidit,
3406 4031 3550 4077 cum
3607 4031 3770 4096 opu-

507 4118 687 4184 lenta
739 4117 984 4202 praeda
1041 4116 1270 4182 classis
1331 4116 1623 4182 adversis
1681 4123 1828 4181 acta
1886 4115 2097 4180 ventis
2156 4115 2497 4198 naufragio
2559 4134 2674 4181 suo
2726 4115 3011 4188 Africam
3070 4123 3136 4180 et
3180 4115 3419 4199 Syrtis,
3486 4114 3769 4187 omnium

362 4239 404 4269 c·
432 4228 485 4270 ³2
509 4218 784 4305 imperia
826 4220 1114 4302 gentium
1159 4219 1512 4286 insularum
1556 4218 1745 4284 litora
1787 4218 2098 4304 implevit.
2194 4238 2434 4302 magna
2470 4217 2734 4302 clades,
2810 4217 2927 4284 sed
2971 4238 3099 4284 non
3145 4217 3284 4284 sine
3328 4218 3549 4301 aliqua
3590 4217 3769 4303 prin-
3809 4229 3871 4269 ³⁵

682 4550 736 4596 H
757 4550 802 4597 P
832 4549 872 4597 V
893 4550 954 4599 L.
993 4577 1063 4587 —
1100 4548 1230 4598 Mur.
1269 4565 1322 4610 p.
1354 4548 1482 4597 230⁰
1518 4564 1568 4597 v.
1600 4548 1630 4598 8
1669 4553 1807 4597 sunt.

685 4703 705 4752 1
748 4718 906 4767 pynon
944 4703 1102 4766 HPV,
1144 4704 1289 4766 pinos
1325 4703 1370 4750 L
1602 4703 1632 4753 2
1672 4704 1781 4765 ipsa
1816 4705 1968 4751 africa
2005 4702 2050 4751 L
2257 4705 2407 4752 africa
2447 4703 2489 4751 L
2700 4705 2968 4753 nauicabat
3005 4705 3100 4752 PV
3323 4704 3353 4754 3
3391 4705 3622 4753 defuerat
3656 4704 3699 4752 L

505 4792 560 4837 in
596 4804 693 4839 om.
735 4791 914 4838 Roma
1151 4790 1333 4839 Punici
1369 4791 1548 4838 Florm
1791 4795 2061 4849 augentem
2099 4789 2241 4837 HPV
2514 4788 2546 4837 4
2584 4788 2742 4857 natio]
2778 4792 2952 4838 nautio
2996 4789 3213 4850 (Bamb.)
3251 4792 3328 4838 vel
3363 4792 3560 4839 nautrio
3602 4790 3762 4851 (Naz.)

506 4875 621 4924 libri
660 4876 793 4924 Flos-t
998 4883 1190 4924 metum
1227 4880 1370 4925 mort.
1414 4874 1459 4921 P
1663 4877 1692 4924 5
1732 4875 1999 4923 nanicandi
2033 4875 2074 4922 V
2277 4882 2363 4922 aut
2400 4877 2589 4923 daciam
2627 4875 2673 4923 P
2877 4874 3245 4943 prosperatum]
3280 4877 3410 4939 libri,
3452 4882 3768 4940 properatum

510 4962 688 5009 florus
913 4960 945 5009 6
981 4962 1154 5023 paenis
1190 4962 1304 5010 libri
1528 4957 1780 5027 chartago]
1816 4961 1970 5024 HPV,
2015 4961 2241 5022 carthago
2278 4961 2321 5008 L
2358 4966 2404 5009 et
2438 4964 2506 5010 sic
2541 4962 2644 5021 fere
2681 4962 2907 5022 deinceps
3135 4964 3160 5010 ‘a'
3201 4958 3531 5028 prooemium]
3566 4965 3770 5010 coniecit

511 5047 655 5106 ιαιιη,
715 5048 994 5108 proemium
1032 5046 1168 5108 ubre,
1229 5047 1550 5107 pr(a)emium
1591 5048 1724 5095 Ριοη·
1759 5047 1874 5095 uba
2151 5049 2271 5096 boui
2309 5044 2429 5113 ruit]
2468 5048 2602 5096 Ρη
2627 5025 2832 5110 ἐιω-ω,
2891 5049 2993 5096 fuit
3028 5049 3149 5097 bem
3186 5048 3240 5094 H
3512 5062 3590 5095 m
3628 5046 3699 5094 L*

508 5129 812 5199 spectacula]
847 5133 974 5195 libri,
1019 5133 1221 5195 specula
1258 5132 1432 5181 Florus
1673 5132 1704 5181 9
1743 5129 1858 5199 sed]
1892 5133 2036 5181 modo
2073 5134 2159 5181 scd
2198 5135 2375 5182 Florus
2622 5132 2687 5182 10
2720 5134 2979 5195 bragadam
3019 5132 3194 5182 Florus
3224 5129 3462 5197 (Bamb.),
3506 5133 3767 5194 bagradam

513 5220 638 5267 Hor.
674 5219 836 5280 (Naz.)
1087 5225 1364 5267 uexauerat
1402 5218 1445 5265 L
1692 5218 1753 5267 12
1790 5216 2032 5285 cepisset]
2067 5218 2127 5281 L,
2170 5221 2417 5279 caepisset
2459 5219 2513 5280 P,
2556 5221 2803 5282 coepisset
2837 5220 2941 5266 HV
3184 5219 3246 5268 14
3282 5222 3531 5279 urguebat
3566 5235 3662 5268 om.
3698 5218 3766 5266 1!

513 5304 574 5353 16
610 5300 946 5370 xantyppum]
984 5303 1129 5352 HPV
1337 5303 1396 5352 17
1438 5304 1670 5352 misissed
1695 5306 1748 5351 H
1951 5321 1982 5353 a
2016 5306 2124 5353 uiro
2161 5302 2396 5372 militiae]
2433 5319 2549 5353 auro
2586 5307 2753 5354 miliae
2789 5307 2833 5354 L
3040 5307 3244 5366 regulus
3281 5308 3450 5355 uictus
3486 5311 3564 5355 est
3599 5306 3766 5354 foeda-

506 5387 627 5457 que]
668 5392 921 5439 uincimur
955 5390 1100 5440 foeda
1138 5391 1312 5438 Ftorus
1524 5389 1586 5438 18
1622 5391 1837 5452 fedaque
1874 5391 1973 5438 HP
2178 5389 2243 5439 20
2280 5388 2454 5457 quam]
2505 5405 2627 5454 quas
2663 5391 2706 5440 L
2914 5392 3083 5442 hostes
3118 5393 3234 5441 libri
3443 5391 3500 5441 21
3544 5406 3768 5441 commu-

507 5482 610 5525 tato
648 5476 693 5525 L
924 5475 989 5525 22
1025 5473 1208 5542 redito]
1249 5476 1364 5535 HV,
1406 5476 1571 5524 reditu
1613 5475 1670 5537 P,
1711 5477 1906 5525 reddito
1941 5477 1984 5525 L
2191 5491 2410 5525 carceres
2448 5477 2591 5526 libri.-
2629 5478 2837 5525 carceris
2878 5478 3054 5526 Florus
3086 5478 3321 5540 (Bamb.),
3363 5491 3553 5526 carcere
3592 5478 3767 5526 F'loms

517 5563 679 5626 (Nax.)
899 5575 988 5610 seu
1025 5556 1222 5627 suppl]
1260 5561 1411 5622 PVL,
1453 5564 1567 5610 siue
1603 5563 1770 5625 suppl.
1812 5563 1878 5622 H,
1921 5577 2012 5611 seu
2049 5565 2209 5611 crucis
2244 5563 2412 5626 suppl.
2459 5565 2635 5611 FLorua
2856 5562 2921 5612 23
2959 5565 3233 5612 mirabilior
3269 5564 3311 5611 L
3520 5562 3585 5613 26
3621 5566 3767 5626 penis

508 5648 607 5696 ΗΡ
830 5649 1142 5709 panormium
1181 5649 1226 5696 L
1450 5648 1516 5696 28
1554 5650 1780 5709 ingentia
1817 5650 1995 5697 Flam
2222 5648 2287 5697 29
2324 5651 2572 5711 coepisset
2609 5650 2754 5698 HPV
2973 5651 3070 5711 Ap.
3101 5650 3310 5699 Claudio
3345 5650 3549 5698 consule
3588 5650 3767 5698 Florus

510 5733 567 5783 31
611 5730 852 5800 dimersa]
889 5733 1077 5781 HPVL
1320 5731 1598 5800 uetat-etur]
1637 5735 1898 5782 uideretur
1935 5735 1978 5782 L
2255 5734 2320 5784 32
2358 5735 2427 5784 Μ.
2470 5736 2621 5784 Fabio
2658 5736 2883 5785 Buteone
2918 5750 3017 5785 cos.
3061 5736 3234 5783 Florus
3482 5737 3765 5795 egimurum

511 5816 753 5886 hostium]
788 5820 901 5868 libra·
1110 5819 1174 5868 33
1213 5817 1557 5886 quantusque]
1591 5826 1813 5882 quantus
1849 5834 1877 5868 o
1918 5820 2093 5868 Florus
2302 5820 2367 5869 34
2405 5821 2652 5871 aduersus
2689 5822 2733 5871 L
2940 5821 3004 5869 35
3043 5823 3282 5883 inperitia
3319 5820 3363 5868 L
