4882 6775
1970 495 2432 553 PROOEMIVM.
3657 495 3820 559 XIII

568 722 775 788 solum
821 721 1198 787 devastasse
1250 719 1547 786 ‘Oriente
1589 718 1719 785 iam
1766 726 1830 785 et
1870 720 2129 805 Illyrico
2167 739 2489 805 peraeque
2518 717 2802 785 attritis'.
2884 718 3101 801 itaque
3130 704 3442 783 Thracias
3473 717 3826 783 devastarit

568 861 836 909 necesse
880 848 981 907 est
1025 860 1100 906 eo
1144 840 1287 925 ipso
1328 847 1635 925 tempore,
1688 840 1859 923 quod
1902 840 2209 905 Iordanes
2251 839 2563 906 indicavit
2577 839 2650 923 20)
2669 890 2683 905 .

739 962 860 1028 His
902 968 1035 1028 tam
1079 960 1375 1044 angustis
1418 960 1708 1026 terminis
1752 960 2000 1026 finitum
2046 960 2354 1027 circulum
2400 980 2586 1025 nemo
2632 960 2858 1044 opinor
2901 960 2988 1025 ad
3032 958 3511 1025 Cassiodorium
3557 958 3814 1024 referet.

565 1104 715 1149 nam
758 1103 1149 1166 quamquam
1196 1081 1388 1147 Gothi
1432 1087 1583 1147 ante
1622 1080 2087 1147 Theodericum
2134 1081 2221 1146 ad
2266 1079 2593 1146 sinistram
2638 1080 2920 1145 Danuvii
2966 1086 3030 1145 et
3073 1079 3140 1145 in
3185 1100 3296 1144 ora
3340 1079 3824 1165 septentrionali

565 1203 751 1267 Ponti
810 1203 1135 1286 degebant
1193 1208 1258 1267 et
1315 1202 1454 1287 ipse
1499 1202 1936 1267 Theodericus
1981 1208 2130 1267 ante
2174 1201 2432 1267 Italiam
2478 1201 2786 1266 Moesiam
2832 1200 3104 1266 obtinuit
3148 1207 3213 1266 et
3257 1221 3371 1285 per
3414 1201 3663 1283 aliquot
3704 1221 3824 1265 an-

567 1342 683 1388 nos
726 1324 949 1388 Novas
992 1329 1321 1407 tamquam
1364 1323 1549 1406 regni
1594 1322 1813 1388 sedem
1859 1321 2118 1407 habuit,
2182 1322 2326 1406 ipse
2372 1328 2544 1387 certe
2589 1320 2857 1403 eiusque
2903 1320 3287 1406 disciplinae
3332 1321 3624 1386 homines
3667 1320 3824 1405 quid

567 1443 770 1509 secuti
814 1443 943 1509 sint
984 1443 1052 1508 in
1096 1442 1351 1509 Italiam
1396 1443 1725 1525 translati,
1779 1461 1882 1506 res
1926 1449 2151 1525 gestae
2197 1418 2369 1508 clare
2414 1442 2780 1525 loquuntur.
2871 1441 3065 1507 immo
3110 1442 3216 1507 hic
3259 1442 3596 1507 Iordanem
3641 1448 3824 1507 tene-

565 1583 707 1628 mus
766 1563 1096 1629 historiam
1156 1564 1505 1629 Gothorum
1567 1561 2126 1627 Cassiodorianam
2180 1562 2274 1627 ita
2330 1568 2814 1648 excerpentem,
2881 1569 2950 1628 ut
3005 1562 3329 1628 Moesiaca
3389 1569 3454 1627 et
3510 1562 3826 1627 Thracica

564 1684 966 1769 potissimum
1012 1684 1337 1750 retineret.
1418 1703 1567 1748 nam
1610 1682 1926 1766 quidquid
1969 1702 2165 1768 supra
2208 1683 2674 1768 proposuimus,
2726 1702 2849 1747 non
2896 1682 2991 1747 ita
3033 1689 3473 1768 comparatum
3514 1690 3632 1765 est,
3685 1689 3755 1748 ut
3783 1703 3825 1748 a

565 1804 973 1871 Cassiodorio
1032 1803 1530 1870 abiudicandum
1590 1802 1701 1887 sit,
1768 1823 1960 1885 quem
2019 1824 2147 1868 non
2206 1802 2574 1869 dubitamus
2634 1802 2941 1868 historiae
2989 1802 3302 1868 Gothicae
3348 1802 3819 1869 foederatorum

563 1926 792 1991 laudes
851 1924 1199 1990 inseruisse
1258 1930 1324 1989 et
1366 1923 1731 1989 celebrasse
1775 1922 2339 2019 Theodericianas
2368 1922 2450 1987 de
2497 1919 2796 2006 Bul'garis
2842 1923 3146 1989 victorias
3192 1930 3257 1989 et
3300 1924 3571 1989 multum
3619 1923 3822 1989 fuisse

559 2045 625 2110 in
672 2046 864 2111 rebus
908 2044 1469 2127 Moesogothorum
1522 2043 1903 2126 singillatim
1964 2042 2392 2128 explicandis.
2487 2043 2606 2108 sed
2665 2044 2803 2108 sine
2857 2043 3051 2109 dubio
3112 2044 3304 2126 longe
3364 2044 3551 2128 plura
3607 2044 3822 2110 attulit

561 2165 642 2231 de
686 2166 919 2232 Italiae
965 2163 1217 2250 oppidis
1263 2171 1329 2230 et
1370 2163 1754 2230 Theoderici
1810 2163 1984 2246 regis
2041 2163 2242 2246 gestis
2302 2163 2393 2228 ibi
2452 2170 2518 2229 et
2574 2163 2917 2246 institutis,
2983 2163 3180 2247 idque
3240 2164 3661 2247 premendum
3726 2171 3826 2229 est

557 2285 717 2351 talia
771 2286 965 2371 plane
1021 2284 1412 2367 desiderari,
1478 2284 1698 2368 qualia
1758 2284 1862 2349 vel
1914 2283 1984 2348 in
2042 2283 2422 2349 brevissimo
2469 2282 2861 2349 Cassiodorii
2922 2284 3218 2349 chronico
3278 2284 3580 2367 leguntur
3623 2283 3710 2348 ad
3753 2305 3814 2348 a.

562 2411 722 2471 50οε
799 2406 1273 2472 ‘Theodericus
1319 2406 1584 2470 Romam
1646 2411 2011 2470 cunctorum
2069 2404 2235 2469 votis
2295 2403 2616 2489 expetitus
2675 2403 2939 2469 advenit
2984 2411 3048 2469 et
3091 2410 3384 2470 senatum
3432 2424 3614 2469 suum
3663 2403 3824 2469 mira

562 2531 576 2560 ‘
599 2527 982 2593 affabilitate
1027 2533 1308 2593 tractans
1352 2527 1680 2590 Romanae
1724 2524 1901 2609 plebi
1946 2523 2207 2589 donavit
2250 2542 2561 2607 annonas,
2613 2530 2808 2607 atque
2855 2523 3252 2590 admirandis
3298 2524 3570 2589 moeniis
3616 2524 3821 2609 depu-

563 2652 735 2714 ‘tata
791 2668 907 2733 per
965 2647 1255 2731 singulos
1311 2666 1513 2712 annos
1571 2645 1854 2711 maxima
1906 2645 2217 2729 pecuniae
2263 2616 2620 2726 quantitate
2667 2644 2985 2710 subvenit.
3082 2646 3201 2711 sub
3247 2644 3432 2709 cuius
3477 2644 3652 2709 felici
3696 2644 3818 2709 im-

561 2768 776 2854 ‘perio
833 2768 1149 2854 plurimae
1209 2773 1594 2833 renovantur
1651 2766 1879 2848 urbes,
1960 2765 2389 2831 munitissima
2449 2765 2720 2830 castella
2778 2765 3166 2845 conduntur,
3250 2771 3643 2848 consurgunt
3700 2764 3821 2830 ad-

563 2888 893 2955 ‘miranda
937 2887 1202 2974 palatia,
1257 2886 1640 2970 magnisque
1687 2885 1826 2951 eius
1871 2886 2172 2971 operibus
2216 2886 2484 2967 antiqua
2526 2884 2836 2950 miracula
2881 2888 3317 2970 superantur'.

729 3011 910 3075 Haec
952 3008 1295 3074 habuimus
1341 3008 1422 3073 de
1467 3006 1681 3092 patria
1724 3013 1788 3072 et
1831 3006 2083 3089 origine
2128 3004 2420 3071 Iordanis
2466 3025 2635 3087 quae
2686 3005 3138 3090 proferremus.
3232 3013 3378 3091 post
3432 3006 3817 3072 notariatum
3839 3008 4233 3101 33222515832223123

571 3131 809 3216 pariter
864 3137 1055 3213 atque
1114 3127 1559 3195 Cassiodorius
1620 3127 1756 3193 vita
1810 3127 2127 3193 saeculari
2184 3127 2412 3192 relicta
2469 3128 2820 3197 monachus
2880 3126 3088 3193 factus
3146 3132 3246 3192 est
3306 3133 3471 3192 teste
3538 3128 3682 3212 ipso
3702 3130 3820 3210 2¹):

570 3258 905 3335 praeterea
961 3257 1175 3316 autem
1232 3255 1365 3313 tam
1423 3268 1589 3331 quae
1650 3247 1905 3313 codices
1962 3246 2223 3329 quidam
2285 3246 2367 3313 de
2425 3246 2798 3312 condicione
2859 3245 2999 3313 eius
3053 3246 3121 3312 in
3168 3247 3449 3312 ecclesia
3494 3248 3830 3313 enuntiant

568 3393 762 3454 quam
820 3392 987 3454 quae
1045 3370 1165 3435 viri
1225 3367 1395 3434 docti
1455 3367 1692 3434 similia
1752 3368 2189 3449 coniecerunt,
2263 3387 2489 3453 parum
2557 3365 2892 3453 probanda
2956 3366 3255 3434 videntur
3320 3386 3484 3434 esse.
3581 3367 3829 3435 scilicet

576 3492 1011 3577 ‘episcopum'
1060 3512 1203 3556 eum
1265 3489 1422 3555 dicit
1480 3489 1785 3554 librorum
1842 3489 1995 3554 ordo
2053 3489 2298 3574 primus
2356 3488 2423 3552 in
2479 3488 2666 3553 titulo
2710 3489 3172 3572 Romanorum,
3247 3488 3651 3573 ‘episcopum
3698 3490 3829 3553 Ra-

576 3614 979 3678 ‘vennatem‘
1042 3611 1195 3675 ordo
1236 3609 1462 3675 tertius
1508 3609 1855 3675 eorundem
1900 3609 1970 3672 in
2013 3609 2199 3674 titulo
2246 3608 2649 3675 Geticorum:
2717 3607 2882 3673 illud
2939 3609 3021 3674 ab
3078 3608 3454 3674 auctoritate
3507 3609 3666 3674 satis
3710 3608 3827 3675 de-

566 3732 819 3798 fensum
878 3731 1229 3796 videndum
1285 3750 1367 3795 ne
1427 3729 1758 3794 conciliari
1816 3729 2021 3813 possit
2077 3749 2220 3794 cum
2267 3729 2405 3794 loco
2451 3749 2639 3812 quem
2686 3728 2812 3794 sibi
2853 3728 2994 3814 ipse
3038 3728 3261 3795 tribuit
3302 3729 3630 3795 monachi:
3707 3730 3828 3796 hoc

566 3872 773 3936 neque
832 3851 1195 3917 testimonio
1254 3849 1484 3915 idoneo
1538 3849 2019 3915 commendatur
2077 3856 2143 3915 et
2199 3848 2338 3914 sine
2398 3848 2594 3915 dubio
2639 3849 2950 3933 originem
2998 3848 3184 3916 duxit
3226 3871 3307 3915 ex
3351 3856 3654 3916 accurata
3697 3851 3828 3915 Ra-

566 3994 816 4039 vennae
863 3972 1038 4038 urbis
1084 3971 1532 4056 descriptione.
1584 4009 1669 4019 —
1714 3970 2054 4035 Iordanem
2101 3969 2473 4055 episcopum
2519 3970 2976 4037 Crotonensem
3020 3991 3081 4035 a.
3120 3972 3336 4055 55122)
3392 3977 3456 4036 et
3484 3970 3823 4037 Iordanem

567 4093 969 4159 defensorem
1016 4092 1329 4158 ecclesiae
1372 4093 1701 4157 Romanae
1744 4112 1805 4156 a.
1859 4095 1984 4154 556
2003 4093 2074 4172 2³)
2143 4075 2315 4173 quod
2375 4090 2496 4155 viri
2541 4090 2711 4156 docti
2755 4091 3016 4175 quidam
3062 4092 3146 4157 ab
3191 4091 3415 4156 horum
3461 4090 3822 4157 libellorum

565 4221 823 4280 auctore
882 4234 1006 4278 non
1065 4213 1357 4279 diversos
1417 4232 1562 4277 esse
1625 4211 2122 4293 contenderunt,
2190 4211 2415 4276 nititur
2458 4212 2600 4278 sola
2643 4211 3062 4278 similitudine
3107 4211 3381 4276 nominis
3425 4232 3551 4277 non
3596 4212 3825 4278 admo-

568 4328 717 4400 dum
764 4333 913 4399 rari.
1002 4334 1360 4421 speciosius
1404 4340 1505 4399 est
1546 4333 1718 4415 quod
1761 4333 1844 4398 ab
1888 4333 2121 4397 Iacobo
2153 4330 2398 4397 Grimm
2417 4334 2492 4417 24)
2545 4332 2940 4418 propositum
2985 4331 3171 4398 multi
3214 4339 3439 4418 postea
3483 4340 3825 4400 tenuerunt

741 4595 825 4657 20)
867 4597 976 4644 Non
1014 4603 1147 4644 recte
1186 4595 1483 4643 Schirrenus
1519 4610 1571 4657 p.
1614 4593 1680 4642 88
1716 4608 1780 4642 ex
1818 4594 1907 4642 hoc
1944 4595 2047 4642 loco
2084 4595 2281 4655 collegit
2316 4593 2573 4642 Iordanem
2610 4607 2668 4642 eo
2705 4600 2928 4656 tempore
2965 4595 3016 4642 in
3055 4595 3264 4643 Oriente
3299 4600 3551 4643 versatum
3589 4608 3720 4645 esse.

737 4682 823 4744 21)
864 4684 1028 4730 Aliter
1064 4683 1214 4729 verba
1257 4684 1402 4729 ‘ante
1438 4681 1812 4728 conversionem
1850 4677 2037 4728 meam’
2080 4681 2139 4742 (c.
2186 4680 2268 4742 50,
2312 4679 2426 4740 266)
2473 4681 2631 4742 accipi
2667 4688 2948 4742 nequeunt.
3024 4682 3091 4729 cs.
3133 4682 3272 4730 Rom.
3313 4683 3472 4743 praes.
3512 4682 3572 4730 4:
3622 4681 3819 4743 ‘quati-

568 4772 696 4819 ‘nns
726 4808 737 4820 .
770 4806 782 4818 .
816 4806 829 4818 .
858 4774 909 4816 te
937 4806 949 4818 .
983 4805 995 4818 .
1028 4806 1041 4817 .
1070 4770 1131 4816 ad
1168 4770 1318 4816 deum
1355 4765 1655 4826 convertas⁷,
1697 4767 1820 4814 item
1858 4767 2204 4815 Cassiodorius
2240 4768 2301 4814 de
2337 4767 2684 4830 orthographia
2719 4768 2873 4829 praef.
2921 4769 3143 4828 (gramm.
3176 4767 3287 4815 Lat.
3329 4769 3410 4817 ed.
3440 4768 3556 4815 Keil
3583 4768 3630 4830 7,
3665 4767 3812 4828 144):

568 4856 707 4918 ‘post
754 4860 1033 4903 commenta
1078 4855 1336 4916 psalterii,
1390 4855 1477 4901 ubi
1518 4890 1530 4902 .
1565 4890 1577 4902 .
1610 4890 1622 4901 .
1665 4854 2007 4900 conversionis
2045 4865 2185 4900 meae
2222 4858 2445 4915 tempore
2481 4854 2702 4913 primum
2729 4853 2965 4912 ‚studium
2999 4853 3181 4900 laboris
3219 4850 3489 4914 impendi'.
3565 4856 3817 4916 complura

560 4943 656 4989 alia
692 4943 796 4989 loca
833 4941 1016 4987 similia
1050 4941 1253 4999 collegit
1288 4940 1589 4987 Muratorius
1623 4941 1680 4986 in
1717 4939 2029 5000 praefatione
2064 4940 2125 4986 ad
2162 4940 2433 4987 Iordanem.
3867 4928 3871 4933 ⁴

732 5027 813 5089 22)
858 5028 987 5088 Papa
1022 5027 1249 5085 vigilius
1284 5028 1340 5073 in
1376 5026 1694 5073 damnatione
1732 5025 1976 5072 Theodori
2014 5026 2228 5086 episcopi
2269 5024 2538 5072 Caesareae
2576 5024 2912 5088 Cappadociae
2947 5040 2991 5073 a.
3024 5023 3116 5073 551
3165 5024 3344 5086 (Mansi
3380 5023 3412 5073 9
3449 5041 3502 5089 p.
3531 5025 3650 5089 60);
3699 5027 3816 5076 ‘nos

564 5115 576 5138 ‘
598 5152 611 5164 .
644 5152 656 5164 .
690 5151 701 5163 .
743 5127 855 5160 cum
894 5113 1049 5160 Dacio
1084 5111 1446 5158 Mediolanensi
1487 5147 1500 5160 .
1532 5147 1544 5159 .
1577 5147 1589 5159 .
1631 5110 1896 5159 Paschasio
1921 5111 2149 5158 Aletrino
2186 5115 2337 5171 atque
2374 5111 2585 5159 Iordane
2611 5111 2903 5159 Crotonensi
2938 5112 3177 5159 fratribus
3212 5118 3265 5160 et
3300 5112 3547 5174 episcopis
3583 5116 3769 5162 nostris
3782 5114 3810 5163 '.

557 5201 729 5248 attulit
764 5199 902 5257 Selig
938 5198 1112 5246 Cassel
1148 5197 1481 5258 mayyamche
1519 5197 1848 5244 Alterthiimer
1890 5197 2126 5256 (Berolini
2170 5195 2320 5258 1848)
2360 5211 2411 5258 p.
2444 5194 2574 5258 302,
2615 5196 2688 5243 ita
2725 5197 3002 5257 explicans,
3043 5198 3128 5258 qui
3167 5198 3354 5245 factum
3392 5200 3477 5260 sit,
3519 5204 3578 5246 ut
3613 5198 3813 5246 Cassio-

558 5287 684 5335 dorii
732 5286 924 5345 origine
961 5285 1147 5332 Bruttii
1196 5284 1449 5331 volumina
1494 5284 1806 5344 dispensator
1851 5284 1964 5330 eius
2001 5282 2199 5331 Iordani
2245 5284 2471 5331 eiusdem
2514 5283 2731 5342 regionis
2767 5283 3000 5344 episcopo
3036 5285 3369 5333 commodarit.
3447 5284 3580 5346 quod
3619 5290 3676 5332 ut
3714 5299 3814 5334 non

554 5368 728 5433 inepte
767 5372 1103 5430 excogitatum
1141 5374 1235 5430 est,
1276 5371 1351 5416 ita
1386 5369 1609 5416 vincitur
1644 5369 1850 5416 indiciis
1885 5369 2116 5431 plurimis
2153 5375 2205 5417 et
2240 5369 2532 5416 certissimis
2567 5369 2776 5428 originis
2813 5368 3093 5416 libellorum
3125 5361 3414 5418 Thracica&

729 5457 813 5518 23)
855 5457 985 5517 Papa
1023 5457 1252 5514 Pelagius
1290 5470 1371 5517 ep.
1415 5455 1444 5501 5
1488 5456 1569 5517 (al.
1608 5454 1657 5516 6)
1712 5456 1772 5502 ad
1807 5456 2065 5517 episcopos
2103 5456 2341 5503 Tusciae:
2402 5456 2668 5504 ‘directam
2706 5471 2734 5502 a
2771 5457 2910 5504 vobis
2946 5455 3239 5503 relationem
3275 5456 3538 5505 defensore
3573 5459 3813 5506 ecclesiae

560 5543 788 5592 ‘nostrae
826 5543 1035 5590 Iordane
1071 5542 1327 5589 deserente
1365 5541 1698 5601 suscipientes
1733 5542 1852 5588 satis
1890 5543 2051 5588 mirati
2090 5536 2290 5589 sumus'
2326 5547 2426 5591 cet.
2489 5543 2673 5602 scripta
2708 5548 2786 5590 est
2836 5543 3057 5604 epistula
3110 5543 3262 5604 (edita
3311 5543 3441 5605 apud
3477 5543 3724 5591 Mansium
3757 5545 3806 5608 9,

559 5629 677 5690 716)
742 5629 836 5676 XV
875 5629 974 5676 kal.
1015 5628 1162 5677 Mart.
1222 5627 1317 5675 XV
1355 5641 1404 5688 p.
1448 5641 1489 5675 c.
1552 5627 1724 5674 Basilii
1764 5643 1809 5674 v.
1852 5643 1895 5675 c.
1939 5649 1999 5670 =
2041 5643 2090 5690 p.
2122 5628 2179 5678 C.
2210 5627 2326 5675 556.
2404 5629 2576 5675 attulit
2611 5627 2746 5676 idem
2784 5628 3036 5676 Casselius
3074 5631 3107 5678 l.
3149 5645 3216 5692 c.‚
3257 5631 3317 5677 ad
3355 5630 3810 5693 historiographum

555 5717 751 5763 rettulit
788 5714 1019 5763 Schirren
1058 5728 1109 5775 p.
1140 5712 1224 5762 87.

727 5800 809 5861 24)
853 5798 1035 5862 Script.
1077 5801 1199 5849 min.
1242 5800 1272 5848 3
1314 5814 1364 5861 p.
1400 5799 1513 5849 182.
