4882 6775
431 1659 491 1700 io

433 2176 493 2216 ¹5

2003 512 2307 574 GETICA.
3703 517 3785 583 63

526 703 867 771 minantur.
963 704 1259 772 Sclaveni
1323 729 1366 772 a
1422 704 1681 773 civitate
1739 705 2224 774 Novietunense
2284 714 2358 774 et*
2406 706 2549 774 laco
2605 704 2719 794 qui
2773 705 3136 794 appellatur
3194 704 3520 773 Mursiano
3579 728 3782 790 usque
3827 705 3884 772 V
3929 709 4011 770 35

526 809 611 874 ad
654 809 1045 875 Danasti-um
1108 817 1172 877 et
1230 811 1298 876 in
1356 811 1617 877 boream
1664 812 1884 877 Viscla
1926 818 2116 876 tenus
2160 817 2664 878 commorantur:
2731 810 2800 876 hi
2843 810 3118 896 paludes
3162 810 3491 896 silvasque
3535 832 3650 896 pro
3696 810 3788 876 ci-

527 913 832 979 vitatibus
878 914 1140 980 habent.
1216 914 1418 980 Antes
1464 935 1638 997 vero,
1690 914 1796 999 qui
1845 922 1996 980 sunt
2037 934 2253 981 eorum
2299 914 2654 996 fortissimi,
2706 935 2834 997 qua
2863 914 3193 981 Ponticum
3240 935 3414 981 mare
3459 922 3780 995 curvatur,

526 1038 568 1082 a
612 1017 933 1084 Danastro
977 1018 1411 1084 extenduntur
1455 1037 1659 1102 usque
1705 1018 1792 1083 ad
1835 1018 2246 1104 Danaprum‚
2295 1038 2465 1101 quae
2508 1016 2774 1083 flumina
2817 1018 3033 1083 multis
3077 1018 3515 1084 mansionibus
3558 1018 3640 1083 ab
3684 1018 3785 1082 in-

528 1120 731 1186 vicem
793 1121 1052 1186 absunt.
1147 1121 1232 1186 ad
1275 1121 1431 1186 litus
1474 1128 1691 1187 autem
1737 1121 2015 1203 Oceani,
2081 1121 2193 1187 ubi
2251 1121 2456 1187 tribus
2517 1119 2816 1186 faucibus
2871 1120 3113 1186 fluenta
3157 1121 3444 1186 Vistuiae
3501 1119 3783 1186 fluminis
3830 1124 3912 1186 36

528 1223 890 1304 ebibuntur,
942 1223 1254 1289 Vidivarii
1297 1223 1603 1305 resident,
1656 1244 1736 1289 ex
1784 1223 2064 1290 diversis
2109 1223 2475 1288 nationibus
2519 1223 2893 1307 adgregati:
2945 1230 3090 1309 post
3116 1242 3281 1306 quos
3310 1224 3516 1308 ripam
3546 1223 3788 1289 Oceani

529 1326 679 1391 item
711 1326 893 1392 Aesti
925 1333 1166 1409 tenent,
1218 1333 1515 1412 pacatum
1561 1320 1886 1396 hominum
1918 1346 2126 1410 genus
2156 1327 2410 1392 omnino
2433 1330 2504 1410 ¹).
2598 1326 2834 1409 quibus
2878 1326 2946 1391 in
2992 1334 3278 1392 austrum
3326 1326 3582 1391 adsidet
3625 1346 3788 1410 gens

526 1430 963 1495 Acatzirorum
1009 1429 1395 1513 fortissima,
1447 1429 1705 1513 frugum
1749 1430 1997 1514 ignara,
2049 1440 2216 1514 quae
2260 1430 2601 1514 pecoribus
2647 1437 2713 1495 et
2754 1428 3205 1496 venationibus
3252 1429 3522 1495 victitat.
3617 1430 3785 1495 ultra
3831 1433 3910 1493 37

528 1552 688 1617 quos
748 1532 1124 1598 distendunt
1182 1552 1380 1618 supra
1436 1554 1611 1599 mare
1657 1534 1989 1600 Ponticum
2034 1534 2387 1618 Bulgarum
2448 1533 2674 1617 sedes,
2747 1552 2906 1616 quos
2964 1533 3330 1599 notissimos
3383 1539 3787 1618 peccatorum

528 1644 887 1701 nostrorum
940 1638 1114 1702 mala
1157 1636 1468 1703 fecerunt.
1562 1637 1712 1703 hinc
1755 1637 1884 1702 iam
1929 1637 2147 1704 Hunni
2190 1637 2377 1721 quasi
2423 1636 2912 1703 fortissimorum
2956 1636 3242 1721 gentium
3289 1635 3786 1702 fecundissimus

530 1759 754 1825 cespes
798 1739 1097 1805 bifariam
1144 1741 1521 1826 populorum
1567 1740 1810 1805 rabiem
1854 1740 2253 1826 pullularunt
2267 1742 2311 1824 ²)
2332 1790 2347 1804 .
2439 1761 2589 1806 nam
2636 1740 2752 1805 alii
2795 1740 3154 1823 Altziagiri‚
3207 1738 3322 1805 alii
3368 1739 3578 1804 Saviri
3622 1760 3788 1805 nun-

530 1850 861 1926 cupantur,
914 1843 1022 1927 qui
1064 1850 1279 1909 tamen
1325 1842 1514 1908 sedes
1560 1843 1800 1908 habent
1844 1843 2124 1908 divisas:
2180 1843 2360 1908 iuxta
2390 1843 2785 1909 chersonam
2817 1842 3178 1926 Altziagiri,
3232 1862 3357 1925 quo
3388 1842 3582 1908 Asiae
3618 1842 3789 1907 bona

529 1946 760 2011 avidus
806 1953 1117 2011 mercator
1160 1946 1498 2030 importat,
1562 1946 1671 2029 qui
1718 1954 1966 2013 aestate
2012 1967 2272 2031 campos
2316 1953 2677 2031 pervagant
2721 1947 2962 2012 effusas
3008 1945 3236 2026 sedes,
3303 1954 3493 2029 prout
3535 1966 3788 2012 armen-

529 2056 733 2114 torum
777 2049 1189 2114 invitaverint
1233 2049 1493 2133 pabula,
1545 2048 1757 2114 hieme
1804 2069 1999 2135 supra
2043 2070 2215 2115 mare
2247 2050 2575 2115 Ponticum
2624 2069 2694 2114 se
2737 2048 3110 2115 referentes.
3190 2049 3526 2132 Hunuguri
3571 2055 3786 2129 autem

530 2153 678 2217 hinc
734 2159 880 2217 sunt
935 2151 1104 2234 noti,
1169 2152 1324 2234 quia
1379 2152 1464 2217 ab
1519 2151 1681 2237 ipsis
1741 2153 2007 2237 pellium
2052 2153 2445 2218 murinarum
2489 2152 2664 2218 venit
2710 2152 3189 2219 commercium:
3261 2172 3422 2235 quos
3466 2160 3784 2218 tantorum

531 2256 807 2320 virorum
868 2253 1236 2321 formidavit
1278 2255 1576 2320 audacia.
1670 2276 1936 2339 quorum
1983 2256 2312 2322 mansione
2358 2256 2563 2341 prima
2606 2256 2673 2320 in
2720 2256 3026 2340 Scythiae
3072 2257 3211 2322 solo
3256 2256 3438 2321 iuxta
3480 2255 3779 2340 paludem
3830 2261 3909 2321 38

532 2357 906 2440 Meotidem,
973 2357 1254 2435 secundo
1309 2358 1375 2423 in
1420 2358 1693 2442 Mysiam
1740 2359 2209 2443 Thraciamque
2255 2367 2322 2425 et
2363 2360 2669 2441 Daciam,
2733 2360 2921 2425 tertio
2978 2380 3175 2445 supra
3231 2379 3408 2424 mare
3455 2359 3784 2424 Ponticum

529 2481 768 2562 rursus!
794 2461 861 2525 in
907 2460 1174 2547 Scythia
1216 2461 1494 2545 legimus
1539 2461 1903 2527 habitasse:
1971 2481 2092 2527 nec
2147 2481 2365 2527 eorum
2427 2461 2683 2526 fabulas
2737 2461 2978 2528 alicubi
3034 2461 3431 2547 repperimus
3485 2462 3778 2546 scriptas,

704 2758 827 2805 ΗΡ
855 2757 959 2806 VL
988 2761 1031 2805 A
1061 2757 1104 2804 0
1129 2758 1173 2806 Β
1198 2759 1244 2805 X
1275 2758 1339 2819 (Υ
1360 2758 1443 2817 Ζ).
1518 2757 1644 2806 Rau.
1687 2761 1736 2818 4,
1782 2761 1805 2804 1
1843 2772 1895 2818 p.
1930 2759 2029 2806 168
2070 2757 2200 2820 (inde
2236 2755 2400 2806 Gurdo
2420 2772 2477 2818 p.
2505 2759 2609 2807 552>
2633 2759 2826 2821 Pau-212.)
2867 2758 2934 2805 ad
2957 2775 3007 2809 v.
3036 2757 3097 2808 8:
3141 2758 3380 2807 chazaros
3420 2794 3434 2808 .
3467 2794 3480 2807 .
3513 2793 3527 2807 .
3570 2759 3792 2806 iordanis

531 2845 775 2905 Agaziros
806 2850 965 2894 vocat.
1039 2843 1304 2905 Freculsus
1345 2848 1388 2905 1,
1431 2846 1481 2907 2,
1525 2845 1589 2893 ‘25
1625 2840 1742 2910 [16]
1787 2844 1836 2906 (a
1881 2843 1940 2892 16
1976 2843 2231 2907 quorum).
2774 2864 2781 2873 ·

709 3001 728 3049 l
773 3001 998 3048 sciauani
1038 2999 1148 3060 OB,
1191 3001 1397 3047 scaueni
1437 3001 1483 3047 A
1725 2999 1785 3047 ad
1822 3000 2086 3047 ciuitatem
2122 3000 2167 3045 A
2406 2995 2803 3065 nouietunense]
2842 3000 3047 3062 HPVA,
3088 3000 3423 3048 nouietuense
3459 2999 3519 3062 L,
3562 3001 3794 3049 nouieta-

533 3101 688 3135 nense
726 3086 881 3148 XYZ,
924 3088 1043 3135 noui
1078 3092 1131 3134 et
1167 3086 1503 3133 sciauinorum
1540 3099 1770 3133 unnensc
1813 3086 1965 3146 (—sem
2004 3086 2062 3142 Β)
2113 3084 2232 3132 OB:
2272 3087 2574 3145 intslleyttoer
2609 3086 2963 3134 Noviodunum
3171 3082 3299 3150 laco]
3338 3084 3497 3147 HPV,
3537 3086 3642 3134 loco
3679 3086 3789 3146 LO,

534 3175 638 3220 lacu
679 3172 869 3219 ΑΒΧΥ
1106 3167 1412 3237 appellatur]
1450 3172 1634 3220 dicitur
1670 3172 1714 3218 A
1959 3172 2242 3219 mursianus
2280 3173 2343 3233 A,
2386 3174 2613 3220 musiano
2654 3171 2713 3234 Ο,
2756 3174 3017 3221 musianus
3056 3173 3098 3218 Β
3340 3171 3371 3221 2
3409 3168 3795 3238 commorantur]

531 3264 900 3308 commanentes
937 3260 980 3304 A
1190 3254 1268 3324 hi]
1304 3259 1388 3306 bic
1431 3258 1474 3303 0
1681 3253 1963 3323 siluasque]
2001 3263 2054 3305 et
2077 3259 2238 3306 siluas
2263 3260 2306 3304 A
2518 3255 2626 3324 pro]
2661 3273 2751 3320 per
2792 3258 2837 3303 Ο
3045 3256 3076 3305 3
3112 3259 3248 3306 antei
3294 3244 3361 3303 0⁶
3568 3254 3690 3323 qua]
3738 3258 3788 3318 Υ,

530 3346 649 3408 quia
687 3344 1113 3394 HPVLAOBXZ
1321 3346 1520 3407 pontico
1556 3358 1693 3394 mare
1735 3344 1796 3404 Ο,
1835 3346 2037 3408 pontico
2074 3346 2196 3393 mari
2234 3345 2280 3392 Β
2486 3347 2719 3394 turbatur
2759 3344 2818 3406 Ο,
2861 3345 3133 3393 turbantur
3170 3345 3214 3391 Β
3420 3344 3451 3393 4
3489 3361 3517 3394 a
3543 3341 3795 3411 danastro]

530 3433 588 3481 ad
625 3434 746 3483 dan.
786 3433 848 3493 X,
890 3446 917 3479 a
955 3437 1119 3480 nastro
1157 3432 1200 3479 L
1459 3427 1757 3496 danaprum]
1794 3432 2077 3478 danubrum
2120 3431 2179 3491 0,
2221 3431 2497 3478 danubium
2538 3431 2580 3476 Β
2839 3433 2900 3477 ab
2936 3444 3036 3480 om.
3081 3432 3124 3478 A
3391 3431 3422 3480 5
3459 3431 3646 3479 adsunt
3681 3433 3725 3478 A

529 3514 612 3584 ad]
648 3534 676 3566 a
712 3519 756 3564 A
989 3514 1182 3583 autem]
1217 3518 1353 3566 enim
1392 3517 1533 3565 XYZ
1763 3518 1904 3565 oceni
1943 3519 1986 3563 A
2221 3518 2391 3565 fistule
2431 3516 2493 3579 0,
2535 3518 2756 3565 iustulae
2795 3517 2840 3564 Β
3071 3516 3104 3566 6
3142 3515 3409 3583 uidiuarii]
3448 3517 3789 3579 HPLAXYZ,

528 3607 757 3653 uiriuarii
794 3605 848 3665 V,
892 3605 1124 3652 uidioarii
1168 3603 1290 3651 OB.-
1330 3603 1470 3664 infra
1511 3606 1591 3665 17,
1636 3605 1701 3651 96
1739 3604 1975 3650 dicuntur
2012 3603 2264 3651 vividarii
2475 3598 2565 3668 ex]
2601 3609 2653 3651 et
2691 3602 2829 3649 XYZ
3041 3604 3067 3651 7
3107 3609 3339 3665 pagatum
3382 3603 3425 3650 0
3631 3606 3794 3651 omni-

532 3705 635 3738 πυ*
677 3691 720 3737 0
926 3697 1165 3738 austrum
1193 3690 1428 3738 obsident
1465 3689 1524 3751 L,
1565 3695 1735 3737 austro
1770 3688 1967 3738 adsedit
2010 3688 2214 3748 (assedit
2249 3689 2310 3750 B)
2357 3689 2449 3736 OB
2658 3688 2689 3738 8
2726 3686 3072 3755 acatzirorum]
3109 3690 3413 3751 11LAXYZ,
3462 3696 3794 3749 acatzyrorum

533 3778 602 3838 P,
655 3779 946 3824 aratirorum
998 3777 1050 3838 V,
1102 3777 1433 3836 agatzirorum
1476 3775 1597 3823 OB:
1650 3777 1849 3835 Agaziri
1891 3774 2045 3836 Ram,
2098 3765 2395 3842 Ἀκάτζιροι
2435 3774 2634 3823 Priscus
2676 3776 2879 3837 (scilieet
2916 3769 3162 3843 Κάτζιροι
3211 3774 3281 3836 fr.
3322 3779 3357 3824 8
3387 3791 3443 3837 p.
3483 3779 3550 3824 83
3593 3775 3789 3836 Mitem,

526 3855 837 3931 Ἀκατίζιροι
874 3860 937 3911 ib.
974 3877 1029 3923 p.
1069 3863 1154 3924 82),
1214 3854 1475 3930 Ἀκάτιροι
1511 3863 1579 3924 fr.
1622 3863 1691 3909 30
1721 3876 1775 3921 p.
1824 3864 1918 3909 105
1953 3866 1999 3909 et
2034 3860 2104 3921 fr.
2144 3863 2211 3909 37
2245 3877 2295 3922 p.
2343 3863 2461 3923 107)
2692 3863 2866 3921 ignora
2908 3862 2951 3907 Ο
3159 3858 3311 3928 quae]
3347 3877 3444 3925 qua
3478 3877 3537 3911 ea
3579 3862 3638 3924 0,
3679 3864 3794 3924 quia

433 3966 441 3983 ·
531 3965 590 3997 ea
628 3951 671 3996 Β
901 3950 1061 3997 uictat
1097 3949 1157 4010 L,
1201 3951 1449 3997 uectitaut
1490 3948 1550 4011 0,
1593 3950 1844 3996 uictitatat
1881 3947 1925 3993 B
2168 3947 2200 3996 9
2237 3944 2560 4014 distendunt]
2598 3935 2823 4010 H¹(¹?)P¹’
2839 3947 2973 3996 ΥΟΧ
3009 3949 3196 4011 Duae,
3240 3949 3651 3996 distensum„
3693 3947 3789 4006 Pa,

532 4036 730 4083 distunt
773 4035 831 4096 L,
884 4035 1246 4083 distenduntur
1281 4032 1512 4082 Hunis
1785 4049 1937 4095 super
1977 4033 2062 4080 ΡΑ
2340 4036 2604 4094 uulgarum
2651 4034 2706 4098 V,
2759 4037 3027 4095 burgarum
3070 4035 3115 4080 Ο
3390 4036 3536 4084 sedes
3570 4049 3668 4084 om.
3720 4034 3795 4080 Ρ·ι

540 4123 598 4170 10
632 4118 1041 4187 fortissimorum]
1081 4121 1337 4178 HPVLO,
1377 4122 1764 4169 fortissimarum
1791 4121 1931 4167 Amr
1942 4120 1981 4166 Y
2187 4122 2552 4169 secundissima
2581 4121 2676 4168 ΧΥ
2886 4120 2941 4169 ll
2984 4117 3182 4187 cespes]
3217 4122 3355 4182 cipes
3386 4120 3446 4181 0,
3489 4105 3727 4184 stipes⁷B

534 4210 669 4256 rabie
695 4208 739 4254 A
950 4205 1286 4274 pullularunt]
1311 4208 1613 4269 popularum
1645 4207 1734 4253 OB
1940 4202 2215 4273 aitziagiri]
2239 4207 2521 4254 HPVLAX
2533 4206 2583 4269 Y,
2626 4209 2854 4267 altziagri
2881 4208 2939 4269 Z,
2980 4208 3289 4267 *saulziagri
3321 4206 3381 4268 Ο,
3418 4207 3655 4266 aulziagri
3684 4208 3729 4254 B

533 4290 711 4360 sauiri]
750 4296 877 4342 auiri
917 4293 976 4354 Β,
1021 4295 1169 4342 sauiri
1207 4294 1287 4340 A:
1325 4298 1444 4341 sunt
1483 4288 1694 4359 Σάβιροι
1730 4291 1887 4340 Prisci
1922 4291 1988 4353 fr.
2030 4294 2100 4341 30
2131 4307 2184 4353 p.
2218 4294 2315 4340 104
2359 4291 2554 4355 Μυιιι.,
2596 4295 2823 4341 similiter
2855 4294 2947 4341 ulii
3200 4298 3523 4356 nuncupatur
3558 4294 3621 4352 Η,
3668 4307 3798 4341 nun-

532 4386 745 4442 cupatus
784 4380 826 4427 P
1038 4379 1098 4428 12
1137 4376 1329 4445 tamen]
1366 4384 1562 4427 tantum
1599 4378 1739 4426 XYZ
1946 4379 2172 4426 diuersas
2215 4379 2306 4426 OB
2514 4376 2787 4444 aitziagirij
2824 4379 2936 4440 ΗΥ,
2978 4380 3229 4440 ultziagiri
3269 4380 3374 4439 PV,
3415 4380 3691 4439 uitiziagiri
3731 4380 3791 4438 X,

533 4468 780 4526 uitiziagri
823 4467 882 4527 Z,
937 4467 1227 4526 uuitziagiri
1266 4465 1329 4525 L,
1379 4466 1644 4526 autziagiri
1682 4466 1743 4525 Α,
1797 4465 2058 4525 auigiagiri
2102 4465 2160 4524 0,
2216 4466 2458 4527 aulziagri
2493 4466 2539 4512 Β
2820 4464 2879 4514 13
2916 4468 3004 4527 qui
3041 4462 3255 4531 aestate]
3294 4465 3398 4527 LB,
3450 4467 3571 4527 quia
3606 4471 3797 4513 aestate

537 4554 741 4612 (cestate
780 4550 872 4614 1³⁶)
916 4552 1214 4612 ΗΡΥΟΧΥ,
1268 4566 1366 4612 qua
1400 4556 1624 4613 egestate
1662 4553 1708 4599 A
1998 4547 2297 4617 peruagant]
2348 4539 2521 4614 O⁶YZ‚
2577 4558 2913 4613 peruagantur
2950 4552 3105 4613 ΑΒΧ,
3158 4559 3429 4614 peruacant
3465 4551 3729 4599 HPVLO‘*

531 4641 716 4687 effusas
753 4634 922 4704 sedes]
961 4637 1258 4698 HPVLXZ,
1299 4638 1488 4686 effusos
1527 4637 1673 4686 sedes
1716 4638 1976 4699 (habentes
2012 4640 2107 4685 ins.
2138 4638 2198 4697 Β)
2247 4638 2354 4698 ΟΒ,
2395 4639 2573 4686 effusis
2609 4638 2815 4685 sedibus
2854 4638 2916 4698 A,
2958 4639 3145 4685 effusas
3191 4637 3230 4683 Υ
3439 4636 3496 4686 1-1
3538 4640 3796 4685 inuitaue-

534 4727 699 4772 nerint
738 4724 795 4785 P,
837 4726 1095 4772 inuenerit
1132 4726 1173 4770 A
1418 4724 1616 4785 pontico
1656 4724 1699 4769 Ο
1939 4719 2223 4788 hunuguri]
2260 4723 2561 4784 HVLAXZ,
2605 4725 2890 4783 hunugguri
2933 4723 2988 4785 P,
3033 4725 3235 4784 uniguri
3274 4723 3332 4786 L,
3375 4724 3618 4772 bunucari
3661 4711 3791 4781 0⁶13,

534 4811 813 4859 hunnus*
855 4810 946 4870 0⁶,
987 4811 1230 4870 hunugiri
1279 4812 1344 4857 Y:
1398 4800 1690 4878 Ὀνόγουροι
1729 4810 1926 4858 Priscus
1962 4808 2030 4869 fr.
2062 4811 2130 4857 30
2161 4824 2214 4870 p.
2245 4812 2344 4857 104
2384 4810 2577 4872 Μυιὶι.,
2620 4811 2777 4871 patria
2811 4810 3056 4869 Onogoria
3091 4809 3361 4860 Ravenna-s
3397 4813 3446 4870 A,
3478 4812 3511 4858 2
3543 4825 3594 4871 p.
3628 4811 3728 4856 170

534 4892 726 4962 autem]
762 4898 900 4944 enim
941 4899 987 4944 Χ
997 4897 1080 4943 ΥΖ
1321 4896 1381 4944 15
1419 4893 1560 4962 quia]
1597 4898 1688 4957 qui
1731 4897 1790 4957 0,
1831 4896 1964 4958 quod
2003 4896 2046 4942 A
2279 4897 2488 4944 bellium
2531 4896 2576 4941 Ο
2784 4898 2928 4944 uenit
2962 4910 3058 4945 om.
3105 4897 3145 4944 L
3354 4897 3699 4944 commertium
3740 4896 3794 4952 V,

534 4984 888 5032 cummertium
925 4982 1016 5029 Po
1264 4982 1326 5031 115
1363 4983 1617 5031 audaciam
1659 4981 1805 5029 HPV
2032 4978 2266 5047 quorum]
2301 4980 2513 5041 fortasse
2549 4982 2823 5030 Gothorum
3068 4982 3325 5030 mansione
3363 4977 3547 5047 prima]
3584 4981 3790 5040 HPVL,

535 5072 841 5117 mansionem
879 5070 1037 5130 prima
1076 5068 1164 5129 0⁴¹,
1207 5069 1516 5117 mansionem
1553 5070 1761 5129 primam
1799 5055 1968 5114 A0⁶x
1979 5067 2028 5130 Y,
2075 5069 2382 5115 mansionem
2421 5069 2632 5130 primam
2672 5083 2785 5116 esse
2821 5069 2866 5115 Β
3108 5070 3244 5117 iusta
3280 5067 3371 5115 ΡΑ
3620 5067 3678 5116 17
3719 5083 3797 5114 sc-

533 5156 694 5203 cunda
740 5155 824 5202 ΥΑ
1066 5157 1274 5214 mysiam
1312 5156 1652 5216 thraciamque
1689 5160 1742 5201 et
1776 5150 1989 5219 daciam]
2027 5154 2182 5214 HPV,
2236 5155 2434 5202 misiam
2472 5155 2677 5204 traciam
2714 5168 2864 5215 quem
2901 5155 3105 5202 traciam
3146 5153 3253 5216 (sie)
3294 5155 3355 5215 L,
3409 5155 3654 5202 meusiam
3692 5160 3796 5200 tra-

535 5244 727 5302 tiasque
763 5247 816 5289 et
849 5242 1036 5290 daciam
1081 5241 1140 5302 0,
1184 5243 1418 5290 maesiam
1459 5241 1746 5302 thraciaque
1785 5247 1838 5288 et
1871 5241 2010 5287 dacia
2050 5240 2108 5302 A,
2153 5240 2338 5289 maesia
2373 5242 2627 5301 traciaque
2663 5248 2717 5289 et
2751 5241 2895 5287 dacia
2931 5240 2991 5300 Β,
3041 5243 3251 5300 mysiam
3292 5243 3510 5302 (misiam
3556 5241 3619 5301 Υ)
3664 5240 3798 5287 thra-

534 5329 736 5389 ciasque
774 5335 826 5377 et
860 5329 1049 5376 daciam
1093 5329 1296 5390 (datiam
1346 5328 1394 5387 Y,
1436 5329 1576 5376 dacia
1612 5328 1671 5389 Z)
1713 5326 1852 5373 XYZ
2060 5328 2214 5376 tercio
2255 5326 2311 5388 P,
2355 5329 2506 5375 tertia
2541 5326 2622 5372 VA
2832 5329 3035 5388 ponticu
3078 5328 3121 5374 0
3354 5326 3414 5376 18
3451 5322 3646 5391 rursus]
3686 5339 3795 5372 rur·

535 5428 747 5476 sumque
785 5414 830 5461 L
1037 5415 1265 5463 scithiam
1305 5414 1399 5460 LO
1608 5416 1822 5461 abitasse
1860 5413 1963 5474 PV,
2006 5414 2165 5461 fuisse
2204 5413 2250 5460 A
2457 5414 2635 5462 aliculi
2676 5414 2719 5460 0

713 5654 757 5715 1)
797 5653 868 5715 es.
907 5669 1032 5717 quae
1066 5655 1155 5703 sub
1195 5654 1481 5703 Theoderici
1521 5657 1725 5703 nominc
1764 5654 2106 5703 Cassiodorius
2142 5669 2248 5704 var.
2290 5658 2350 5712 5,
2395 5656 2426 5700 ‘2
2474 5657 2667 5714 scripsit
2704 5654 2899 5701 Haestis
2952 5655 3035 5701 ‘iu
3071 5653 3254 5701 Oceani
3292 5652 3466 5699 litore'
3515 5655 3794 5698 constitutis

535 5747 579 5788 et
615 5745 741 5801 reqis
773 5744 1046 5806 amIcfte'am
1080 5741 1429 5802 expetentibus.

708 5828 755 5888 2)
797 5827 866 5887 es.
910 5827 1245 5875 Cassiodorius
1278 5843 1387 5876 vor.
1426 5829 1476 5884 3,
1518 5829 1584 5873 6.-
1623 5827 1838 5888 puilulat
1876 5841 1938 5875 ex
1978 5840 2076 5872 uno
2110 5839 2290 5884 genere
2326 5825 2676 5886 quadrifariam
2714 5827 2882 5872 decus.
