4882 6775
1852 474 2309 537 PROOEMIVM.
3518 474 3695 545 LXV

641 710 727 790 (p.
782 710 886 790 66,
940 707 1171 790 8—13)
1224 704 1543 772 Tanausis
1587 727 1699 772 rex
1751 705 2155 789 [Scytharum
2202 704 2304 769 vel
2349 725 2433 767 em
2482 709 2658 768 Oros.
2700 708 2756 785 1,
2801 704 2900 786 14]
2953 703 3301 770 Gothorum
3355 705 3485 787 [qui
3527 704 3702 788 Phy-

762 811 953 875 limer
997 813 1415 889 successerat]
1468 808 1790 874 Ver‘sozen
1833 808 2297 892 Aegyptiorum
2351 807 2488 891 regi
2532 808 2620 872 ad
2662 807 2923 871 Phasim
2968 805 3232 871 fluvium
3286 810 3370 888 [in
3415 829 3612 891 mary.
3662 830 3704 872 a

767 935 891 995 quo
936 912 1245 999 phasides
1291 933 1447 978 aves
1492 919 1749 976 exortae
1796 911 1900 977 vel
1946 910 2428 994 cognominatae
2475 913 2642 993 sunt]
2694 909 2966 976 occurrit
3009 948 3090 955 —
3139 909 3507 993 subiugavit

873 1052 935 1101 10
971 1057 1275 1120 aegyptum
1322 1079 1391 1087 —
1440 1050 1500 1099 12
1551 1050 1769 1109 uesosis
1811 1067 1913 1101 om.
1961 1078 2030 1087 —-
2077 1047 2157 1101 ibi
2205 1064 2330 1101 eum
2376 1048 2432 1101 in
2477 1048 2601 1102 eius
2645 1049 2829 1116 patria
2875 1077 2944 1085 -—
2998 1049 3057 1097 13
3108 1063 3233 1101 eum
3276 1048 3467 1102 ledere
3515 1048 3706 1118 nequi-

870 1138 1051 1190 uisset

642 1258 733 1338 (p.
785 1259 889 1337 66,
948 1261 1046 1319 15.
1104 1258 1201 1339 16)
1255 1276 1337 1320 ex
1383 1255 1563 1320 cuius
1610 1255 1891 1319 exercitu
1945 1252 2149 1335 [multi
2195 1252 2548 1337 provintias
2607 1207 2981 1319 contuentes
3042 1254 3387 1335 subiectas]
3456 1253 3708 1318 deserto

765 1379 1025 1425 suorum
1072 1359 1330 1440 agmine
1377 1358 1443 1422 in
1488 1358 1682 1422 Asiae
1729 1357 2019 1442 partibus
2065 1355 2439 1421 resederunt

639 1499 862 1578 [Rome
907 1502 1051 1582 post
1094 1504 1353 1562 exactos
1398 1514 1585 1577 reges
1633 1494 1783 1558 dum
1828 1493 2169 1577 prudentia
2214 1493 2542 1558 consulum
2590 1501 2654 1558 et
2697 1493 3065 1559 fortitudine
3120 1495 3498 1579 populorum
3543 1500 3710 1559 totus

766 1621 931 1687 pene
990 1600 1163 1666 orbis
1221 1606 1393 1664 terra
1436 1598 1725 1680 marique
1772 1597 2024 1680 fragore
2069 1596 2464 1662 obviantium
2524 1618 2839 1661 armorum
2904 1604 3362 1679 concuteretur,
3425 1605 3708 1681 tempore

769 1725 893 1786 quo
939 1703 1348 1769 Ptholomeus
1393 1701 1733 1786 Cleopatre
1794 1700 1965 1765 filius
2025 1721 2289 1783 regnum
2351 1701 2809 1785 Aegyptiorum
2877 1700 2973 1783 (cf.
3023 1723 3088 1783 p.
3140 1705 3244 1783 73,
3302 1703 3396 1782 15)
3454 1700 3712 1766 Lutius—

770 1828 895 1889 que
927 1806 1260 1872 Cornelius
1293 1805 1478 1888 Sylla
1508 1805 1858 1868 Romanum
1904 1802 2143 1887 potitus
2190 1810 2287 1867 est
2331 1804 2752 1885 consulatum,
2802 1802 2992 1867 Gothi
3036 1804 3119 1868 ab
3164 1803 3320 1868 Asia
3364 1805 3712 1886 migrantes

768 1909 1022 1975 Datiam
1067 1910 1460 1991 invaserunt,
1523 1909 1620 1991 (cf.
1669 1930 1732 1989 p.
1787 1910 1886 1987 75,
1944 1907 2001 1988 8)
2056 1927 2220 1988 quae
2265 1913 2440 1970 trans
2487 1906 2853 1972 Danubium
2901 1907 3110 1992 posita
3154 1929 3387 1973 corona
3439 1907 3715 1988 cingitur

772 2014 1099 2093 montium,
1152 2033 1340 2095 quam
1388 2032 1513 2076 non
1559 2010 1768 2075 minus
1813 2009 1999 2074 annis
2044 2008 2351 2074 CCCL11b¹¹³
2407 2016 2750 2075 tenuerunt
2795 2010 2879 2075 ad
2927 2017 3215 2096 tempora
3260 2030 3460 2094 usque
3506 2010 3713 2073 Maxi-

653 2168 662 2176 .
776 2116 929 2181 mini
977 2115 1194 2196 Gothi,
1262 2116 1370 2197 qui
1428 2114 1698 2179 triennio
1760 2112 2062 2178 Romanis
2108 2113 2466 2198 imperavit.
2562 2113 2669 2178 hic
2727 2114 3046 2180 Maximus
3102 2116 3224 2198 (sic)
3279 2121 3459 2199 patre
3506 2114 3714 2178 Gotho

776 2221 979 2284 Micca
1035 2218 1291 2283 nomine
1352 2218 1724 2302 progenitus
1797 2219 2087 2300 (sequitur
2147 2220 2561 2299 compendium
2620 2222 3002 2281 narrationis
3060 2239 3125 2303 p.
3191 2221 3292 2299 78,
3365 2221 3442 2281 13
3488 2254 3561 2263 -
3604 2220 3707 2297 80,

777 2326 812 2386 8
870 2326 1094 2386 editum
1141 2324 1308 2405 apud
1362 2326 1695 2385 Waitzium
1734 2343 1802 2403 p.
1856 2322 2036 2401 680).
2130 2314 2383 2402 potitus
2415 2320 2686 2403 imperio
2744 2320 2827 2385 ad
2888 2321 3221 2386 tuitionem
3266 2320 3535 2385 Romani
3594 2320 3716 2384 im-

780 2425 940 2509 perii
987 2424 1393 2505 familiarem,
1446 2423 1599 2505 quia
1644 2443 1724 2488 ex
1768 2423 1976 2487 vicino
2022 2422 2336 2504 sanguine
2380 2429 2763 2505 concretam,
2817 2422 3164 2489 Gothorum
3212 2425 3383 2488 alam
3415 2444 3495 2489 ex
3524 2424 3717 2488 Datia

778 2548 1054 2593 evocans
1098 2528 1164 2591 in
1210 2527 1610 2599 Barcilonam
1672 2526 1940 2590 collocat
1997 2526 2365 2608 incolasque
2412 2533 2663 2591 veteres
2709 2526 2877 2592 ferro
2938 2527 3072 2591 solo
3117 2526 3428 2592 eliminat.
3524 2527 3715 2592 Gothi

778 2631 976 2714 igitur
1020 2632 1215 2695 talem
1261 2631 1658 2695 occasionem
1706 2630 1876 2695 nacti
1919 2629 2233 2713 permissa
2279 2629 2689 2695 obtinuerunt
2732 2631 2873 2695 loca
2917 2637 2982 2696 et
3025 2638 3169 2714 post
3196 2631 3521 2697 biennium
3554 2632 3719 2695 Nar-

775 2736 1005 2799 bonam
1053 2754 1246 2818 super
1290 2732 1491 2817 ripam
1542 2733 1787 2797 Rodani
1846 2732 2127 2796 fluminis
2189 2733 2374 2797 sitam
2435 2753 2559 2797 non
2621 2732 2759 2798 sine
2819 2736 3016 2799 multo
3074 2754 3330 2799 suorum
3377 2734 3711 2817 sanguine,

777 2837 923 2901 dein
955 2843 1099 2921 post
1141 2836 1643 2919 quinquennium
1690 2855 1809 2899 sua
1856 2835 2030 2900 rabie
2079 2835 2544 2919 depopulantes
2574 2837 2870 2900 Tolosam
2916 2836 3165 2921 indepti
3197 2845 3345 2902 sunt
3373 2836 3721 2902 foederati—

779 2962 903 3022 que
950 2961 1094 3005 cum
1140 2940 1442 3004 Romanis
1497 2939 1691 3003 annui
1752 2938 2154 3021 stipendiarii
2210 2940 2326 3004 sub
2372 2936 2644 3003 xx‘inbus
2703 2939 3192 3024 imperatoribus
3236 2940 3423 3004 annis
3466 2959 3721 3005 manse-

778 3049 926 3108 runt
970 3045 1297 3124 ccxnvnl.

651 3183 805 3265 [Sub
883 3180 1141 3246 Galerio
1218 3180 1601 3265 imperatore
1681 3187 1901 3265 partes
1976 3180 2169 3245 Asiae
2237 3218 2316 3225 —
2387 3179 2785 3267 deleverunt]
2860 3184 3268 3264 compendium
3336 3185 3720 3244 narrationis

782 3306 846 3369 p.
900 3288 1001 3363 85,
1063 3285 1391 3366 18—86,
1452 3286 1526 3345 15
1583 3285 1813 3367 (waitz
1862 3287 1905 3346 ι.
1956 3288 2068 3367 c.).

655 3423 811 3506 [Sub
848 3422 1258 3486 ‘Diocletiano
1303 3459 1384 3467 ——·
1432 3420 1652 3502 gladio
1697 3425 2120 3505 peremerunt]
2173 3422 2584 3503 compendium
2638 3426 3022 3484 narrationis
3067 3443 3132 3506 p.
3184 3425 3287 3504 86,
3331 3427 3408 3485 15
3434 3459 3516 3468 —
3540 3425 3643 3503 87,
3683 3424 3720 3484 3

791 3528 1024 3607 (Waitz
1073 3527 1115 3588 l.
1168 3527 1277 3606 c.).

660 3662 841 3743 [Cum
888 3662 1254 3727 Theodosio
1299 3661 1529 3727 virtute
1582 3667 1647 3725 et
1689 3658 2028 3744 prudentia
2072 3659 2542 3725 consultissimo
2586 3665 2736 3726 tunc
2781 3662 2937 3725 iuris
2980 3661 3222 3747 publici
3267 3662 3552 3748 patriciO,
3607 3662 3723 3727 sed

785 3772 931 3848 post
972 3764 1301 3829 victoriam
1350 3765 1683 3855 consulatu
1729 3762 1993 3827 Ausonii
2040 3769 2105 3827 et
2148 3763 2375 3829 Olibrii
2419 3764 2799 3847 imperatore
2846 3764 3048 3846 facto,
3102 3772 3322 3830 contra
3366 3766 3722 3851 Eugenium

784 3876 1160 3951 tyrannum,
1212 3867 1321 3949 qui
1350 3866 1675 3932 'Gratiano
1735 3866 2113 3950 imperatore
2172 3867 2378 3931 occiso
2437 3905 2523 3912 —
2583 3865 2786 3951 preda
2842 3873 3262 3950 recesserunt}
3314 3874 3724 3954 compendium

790 3975 1174 4034 narrationis
1221 3992 1286 4055 p.
1338 3973 1443 4054 93,
1497 3973 1689 4034 6—9.
1761 3974 1864 4051 95,
1920 3975 1978 4034 8.
2033 3974 2093 4034 9.
2170 3973 2273 4052 96,
2332 3974 2603 4035 10-19,
2673 3974 2776 4053 98,
2836 3975 3083 4036 16-18
3141 3975 3369 4056 (Waitz
3417 3978 3459 4037 l.
3511 3977 3622 4057 c.).

660 4108 813 4192 [Sed
857 4129 1003 4173 mox
1049 4129 1257 4192 grave⁸
1296 4107 1507 4173 ferens
1552 4127 1657 4172 res
1700 4107 1957 4192 publica
1999 4126 2110 4171 eos
2156 4107 2392 4173 habere
2441 4109 2656 4173 hostes
2702 4128 2860 4191 quos
2921 4118 3339 4178 consueverat
3395 4112 3719 4176 adiutores

794 4211 1101 4294 regnique
1148 4211 1543 4293 defensores,
1596 4209 1966 4275 muneribus
2012 4211 2462 4294 repropitiatos
2508 4212 2749 4297 recepit
2779 4211 3140 4278 foederatos
3179 4215 3276 4297 (cs.
3324 4237 3389 4297 p.
3433 4219 3575 4298 106,
3623 4217 3718 4297 13)

793 4315 968 4380 fama
1010 4314 1258 4379 interea
1303 4321 1367 4379 et
1408 4334 1563 4379 vera
1608 4314 1804 4377 Rome
1852 4314 2100 4398 perlata
2143 4320 2243 4378 est
2285 4315 2365 4379 ob
2394 4314 2759 4379 diuturnam
2797 4316 3220 4380 Romanorum
3264 4324 3455 4401 atque
3488 4317 3730 4383 Gotho-

791 4440 929 4484 rum
975 4418 1322 4483 amicitiam
1368 4418 1629 4483 Attilam
1675 4417 2002 4482 Hunorum
2048 4437 2263 4500 regem
2309 4417 2768 4484 occidentalem
2826 4426 3018 4501 atque
3076 4426 3389 4485 comatam
3450 4420 3729 4485 Galliam

791 4524 942 4607 igne
988 4530 1053 4588 et
1097 4522 1264 4587 ferro
1311 4521 1740 4600 exterminari,
1792 4528 1856 4585 et
1883 4522 2313 4603 quaerebatur
2343 4529 2413 4586 ut
2443 4521 2907 4602 subveniretur,
2962 4522 3383 4604 animabatur,
3436 4532 3507 4588 ut
3535 4524 3731 4588 armis

790 4632 971 4691 tanta
1018 4625 1135 4689 viri
1180 4625 1456 4690 audacia
1500 4631 1914 4709 premeretur.
1993 4624 2215 4688 Hunos
2259 4645 2407 4688 nam
2455 4625 2751 4710 superius
2782 4625 3059 4690 diximus
3090 4644 3276 4690 secus
3308 4626 3461 4691 litus
3488 4626 3731 4690 Pontici

792 4728 988 4792 maris
1032 4748 1292 4792 manere
1336 4727 1595 4810 quidem
1642 4727 1875 4810 hieme,
1926 4734 2170 4791 aestate
2216 4747 2474 4812 campos
2521 4728 2699 4792 velut
2741 4726 3049 4792 animalia
3092 4748 3481 4812 pervagare,
3534 4749 3733 4795 vena-

794 4833 963 4897 tione
1007 4838 1250 4896 tantum
1297 4849 1445 4895 usos
1491 4830 1687 4894 vitam
1734 4851 1849 4914 per
1892 4831 2153 4911 longum
2185 4838 2438 4915 tempus
2468 4831 2560 4896 ita
2590 4831 2910 4914 exegisse.
2993 4829 3108 4895 sed
3142 4831 3250 4895 ubi
3280 4832 3733 4897 numerositate

795 4935 1015 5019 populi
1060 4955 1277 4999 eorum
1322 4934 1600 4998 excessit
1642 4932 1939 5015 audatia,
2006 4933 2353 4999 vicinarum
2415 4934 2703 5017 gentium
2765 4934 3044 5016 quietem
3110 4936 3369 5000 turbare
3429 4943 3737 5020 ceperunt

798 5038 1132 5103 fraudibus
1178 5045 1242 5103 et
1285 5037 1549 5121 rapinis.
1633 5036 2052 5121 ostrogothas
2091 5037 2216 5101 sibi
2260 5038 2525 5118 vicinos,
2576 5038 2686 5120 qui
2732 5037 3171 5120 longissimam
3216 5039 3436 5104 oceani
3467 5039 3737 5105 Germa-

798 5142 924 5206 nici
971 5143 1173 5226 ripam
1220 5140 1607 5220 insidebant,
1660 5161 1701 5204 a
1745 5140 1975 5223 quibus
2019 5140 2119 5205 illi
2165 5141 2595 5206 discesserant
2624 5141 2835 5220 Gothi,
2888 5161 3047 5223 quos
3077 5143 3438 5207 notavimus
3471 5165 3550 5208 ex
3580 5144 3738 5208 Asia

798 5247 864 5309 in
908 5245 1205 5328 Europae
1252 5243 1534 5308 Galliam
1579 5242 1909 5324 transisse,
1963 5243 2165 5327 primo
2210 5242 2542 5324 invadunt,
2595 5244 2711 5308 sed
2757 5265 2902 5308 mox
2947 5245 3210 5330 repulsi,
3263 5246 3553 5327 agilitate
3599 5266 3739 5311 cor-

746 5368 753 5376 ·
800 5368 1021 5433 porum
1069 5346 1288 5411 confisi
1335 5353 1399 5411 et
1441 5346 1698 5428 agmine
1759 5365 2036 5428 suorum,
2103 5367 2322 5412 rursus
2379 5347 2598 5411 crebro
2655 5355 3114 5432 pertemptant,
3170 5348 3373 5413 donec
3418 5348 3739 5413 federatos

804 5451 1140 5535 recipiunt.
1220 5450 1462 5514 Alanos
1507 5469 1666 5532 quos
1711 5449 1930 5514 dicunt
1974 5449 2259 5532 Sclavos]
2326 5453 2403 5532 (p.
2455 5453 2559 5531 90,
2618 5454 2694 5514 13
2727 5489 2810 5497 --
2842 5455 2943 5532 91,
2998 5454 3057 5535 9)
3119 5472 3338 5536 pugna
3382 5450 3504 5515 sibi
3551 5471 3740 5536 pares

805 5592 886 5601 -
934 5553 1165 5618 sevitia

907 5693 990 5756 91,
1037 5693 1058 5741 1
1104 5691 1397 5760 pauendae
1434 5720 1502 5728 —-
1539 5691 1847 5757 nigredinis
1887 5691 2096 5745 habens
2143 5691 2320 5757 magis
2358 5692 2413 5744 iu
2455 5689 2601 5744 facie
2638 5698 2846 5759 puncta
2892 5719 2959 5728 ——
3008 5691 3039 5741 3
3075 5690 3335 5746 fiduciam
3380 5720 3448 5729 --
3493 5695 3522 5742 5
3563 5693 3742 5746 susci-

907 5780 1065 5847 piant
1101 5808 1169 5814 —
1204 5779 1235 5828 9
1273 5778 1444 5831 erecti

651 5881 896 5923 loannem.
3312 5884 3331 5936 i
