4882 6775
1965 461 2303 518 ROMANA.
3678 466 3761 528 43

507 652 626 718 lier
671 650 1103 734 virginitatem
1148 658 1551 733 servaverat,
1601 652 1671 717 in
1712 652 2116 718 matrimonio
2159 652 2513 718 adsumens
2557 673 2825 737 regnum
2868 652 3040 735 quod
3083 652 3345 719 delicati
3387 651 3764 719 decessores

507 754 1124 839 prodecessoresque
1169 753 1309 819 eius
1354 775 1469 838 per
1512 774 1715 819 annos
1761 755 1896 821 fere
1942 755 2286 838 sexaginta
2330 756 2610 821 vicissim
2655 755 3048 840 imperantes
3094 755 3479 839 minuerant,
3539 755 3761 820 divina

506 856 868 942 provisione
915 856 1009 921 sic
1052 858 1406 941 reparavit,
1460 864 1530 922 ut
1573 858 1881 923 exultatio
1925 858 2155 942 ingens
2201 858 2447 923 cunctis
2493 858 2919 924 adcresceret.
3013 878 3161 923 nam
3207 878 3350 923 cum
3396 857 3652 923 Parthis
3696 863 3763 923 et
3797 857 3922 919 333

505 960 816 1025 Vandalis
884 960 1138 1025 omnino
1203 960 1661 1025 infestantibus
1726 981 1950 1045 pacem
2023 961 2326 1042 instituit,
2401 961 2643 1027 Attilae
2711 961 2921 1027 minas
2977 961 3385 1046 conpescuit,
3457 960 3764 1026 Novadcs

504 1065 1012 1148 Blemmesqueff)
1068 1063 1369 1148 Ethiopia
1413 1064 1746 1148 prolapsos
1791 1085 1907 1149 per
1947 1065 2210 1130 Florum
2244 1064 2728 1130 Alexandrinae
2772 1064 2950 1130 urbis
2994 1070 3465 1149 procuratorem
3510 1062 3767 1129 sedavit
3805 1082 3832 1122 s

505 1173 568 1232 et
611 1166 862 1251 pepulit
905 1188 947 1231 a
989 1165 1223 1232 finibus
1268 1168 1716 1249 Romanorum,
1769 1167 2138 1251 obitumque
2183 1168 2424 1233 Attilae
2471 1174 2536 1234 et
2580 1166 2861 1233 Zenonis
2906 1166 3116 1232 Isauri
3160 1166 3489 1233 interitum
3512 1217 3527 1246 ,
3580 1172 3765 1232 ante-

504 1291 697 1353 quam
742 1270 1096 1350 moriretur,
1150 1270 1309 1334 felix
1341 1271 1628 1355 conperit
1652 1270 2043 1336 infelicium:
2106 1272 2514 1353 omniumque
2558 1270 2958 1336 inimicorum
3005 1289 3260 1336 suorum
3312 1272 3481 1335 colla
3524 1269 3764 1336 domini

222 1383 372 1425 ¹⁸10·
404 1386 482 1427 ⁴⁵⁵
508 1373 739 1438 virtute
794 1373 1053 1439 calcans
1114 1380 1296 1438 sexto
1352 1392 1520 1438 anno
1577 1381 1886 1457 sextoque
1943 1394 2165 1440 mense
2225 1392 2506 1457 regnans
2549 1374 2616 1437 in
2660 1393 2821 1458 pace
2866 1372 3131 1455 quievit.
3190 1372 3216 1457 ΙΙ
3268 1372 3762 1438 Valentinianus
3800 1373 3923 1436 334

504 1483 717 1540 autem
763 1474 1187 1541 occidentalis
1232 1476 1577 1560 imperator
1621 1475 1766 1541 dolo
1811 1475 2076 1541 Maximi
2120 1476 2393 1561 patricii,
2449 1474 2631 1540 cuius
2677 1475 2873 1540 etiam
2918 1474 3149 1540 fraude
3188 1475 3414 1541 Aetius
3458 1476 3757 1559 perierat,

506 1578 573 1643 in
632 1598 857 1663 campo
903 1578 1162 1660 Martio,
1224 1599 1340 1663 per
1383 1578 1669 1664 Optilam
1729 1586 1794 1644 et
1837 1579 2322 1645 Thraufistilam
2366 1577 2540 1643 Aetii
2599 1578 2914 1643 satellites
2974 1578 3101 1643 iam
3156 1597 3460 1663 percusso
3507 1577 3763 1644 Eraclio
3805 1595 3863 1636 ιο

508 1681 792 1767 spadone
849 1688 1178 1749 truncatus
1238 1688 1355 1746 est.
1451 1681 1786 1766 imperium
1840 1702 2090 1765 quoque
2136 1681 2275 1747 cius
2318 1681 2492 1747 idem
2537 1680 2859 1746 Maximus
2903 1681 3140 1746 invasit
3183 1680 3498 1764 tertioque
3541 1686 3766 1764 tyran-

505 1784 679 1849 nidis
739 1804 895 1849 suae
952 1804 1173 1851 mense
1230 1783 1633 1850 membratim
1679 1786 1921 1850 Romae
1979 1806 2021 1849 a
2063 1784 2369 1850 Romanis
2427 1785 2788 1868 discerptus
2848 1792 2965 1850 est.
3063 1784 3398 1850 Gizericus
3455 1789 3607 1849 tunc
3649 1803 3765 1849 rex

506 1887 941 1954 vandalorum
999 1888 1081 1952 ab
1127 1887 1423 1954 Eudoxia
1465 1888 1900 1954 Valentiniani
1957 1906 2157 1953 uxore
2215 1888 2522 1953 invitatus
2582 1908 2661 1953 ex
2707 1887 2929 1953 Africa
2972 1888 3237 1952 Romam
3289 1886 3622 1970 ingressus
3668 1892 3767 1951 est

506 2012 777 2074 eamque
844 1992 1066 2058 urbem
1134 1992 1326 2056 rebus
1394 1991 1689 2057 omnibus
1757 1991 2146 2076 expoliatam
2216 1991 2491 2057 eandem
2549 1990 2909 2056 Eudoxiam
2943 1994 3120 2055 ‘cum
3188 1989 3441 2055 duabus
3505 1988 3763 2055 filiabus

506 2113 721 2159 secum
767 2093 837 2159 in
881 2093 1103 2159 Africa
1147 2093 1405 2159 rediens
1453 2093 1658 2159 duxit.
3801 2111 3862 2152 ιο

362 2209 479 2252 IGN—
680 2198 811 2262 Leo
863 2196 1132 2262 Bessica
1187 2202 1361 2261 ortus
1419 2196 1770 2280 progeniae
1816 2197 2084 2282 Asparis
2143 2196 2396 2282 patricii
2455 2196 2741 2280 potentia
2799 2216 2881 2261 ex
2938 2195 3191 2262 tribuno
3236 2194 3508 2260 militum
3554 2194 3763 2260 factus
3800 2196 3925 2259 335

223 2314 376 2356 1⁸10·
403 2315 480 2355 ⁴⁵⁷
511 2309 610 2367 est
650 2301 1015 2385 imperator.
1076 2301 1100 2385 ΙΙ
1154 2300 1337 2366 cuius
1380 2307 1538 2366 nutu
1582 2320 1731 2366 mox
1776 2302 1917 2366 loco
1963 2300 2400 2368 Valentiniani
2445 2301 2620 2385 apud
2664 2301 3041 2364 Ravennam
3085 2296 3476 2363 Maiorianus
3521 2298 3765 2363 Caesar

261 2417 376 2459 Get·
404 2417 483 2459 2³⁶
510 2411 610 2469 est
667 2404 1033 2487 ordinatus,
1094 2404 1119 2488 ΙΙ
1171 2403 1282 2487 qui
1340 2403 1526 2469 tertio
1583 2404 1856 2470 necdum
1913 2424 2081 2470 anno
2139 2404 2396 2489 expleto
2454 2404 2523 2468 in
2581 2423 2781 2487 regno
2840 2402 3017 2487 apud
3062 2402 3408 2468 Dertonam
3454 2400 3765 2466 occiditur

504 2508 768 2590 locoque
828 2507 968 2573 eius
1028 2505 1169 2572 sine
1226 2506 1535 2591 principis
1594 2506 1774 2571 iussu
1821 2507 2056 2572 Leonis
2100 2505 2491 2573 Severianus
2550 2505 2821 2571 invasit:
2897 2504 3014 2570 sed
3081 2510 3148 2571 et
3203 2503 3345 2588 ipse
3402 2503 3765 2586 tyrannidis
3801 2506 3927 2569 336

255 2605 481 2701 gaf-233
507 2610 609 2675 sui
651 2610 837 2676 tertio
882 2630 1048 2675 anno
1093 2610 1350 2693 expleto
1381 2610 1623 2675 Romae
1668 2610 1983 2675 occubuit.
2022 2611 2047 2695 Ι)
2078 2620 2230 2676 tunc
2260 2611 2389 2675 Leo
2419 2609 2833 2674 Anthemium
2873 2607 3007 2673 divi
3037 2606 3351 2673 Marciani
3380 2626 3688 2690 generum
3708 2609 3753 2690 2)
3800 2625 3862 2669 20

505 2734 586 2779 ex
651 2713 919 2798 patricio
989 2713 1334 2779 Caesarem
1411 2713 1716 2779 ordinans
1785 2715 2026 2779 Romae
2095 2712 2165 2778 in
2235 2712 2506 2798 imperio
2576 2711 2910 2777 distinavit
2976 2710 3392 2793 Bigelemque
3453 2709 3762 2775 Getarum

506 2836 724 2900 regem
770 2836 886 2902 per
928 2815 1328 2882 Ardaburem
1374 2817 1641 2902 Asparis
1687 2817 1887 2881 filium
1932 2816 2256 2882 interemit
2273 2820 2345 2901 ³).
2445 2815 2827 2882 Basiliscum
2874 2821 3215 2897 cognatum
3263 2832 3484 2896 suum,
3548 2812 3615 2878 id
3667 2820 3767 2878 est
3801 2814 3925 2877 337

503 2920 769 2986 fratrem
812 2922 1146 3004 Augustae
1191 2919 1469 2986 Verinae
1513 2920 1795 2985 Africam
1857 2920 2144 3003 dirigens
2205 2940 2348 2985 cum
2395 2920 2715 3001 exercitu,
2784 2918 2892 3002 qui
2937 2916 3157 2982 navali
3202 2916 3445 3001 proelio
3490 2916 3764 2981 Charta-

502 3023 718 3107 ginem
774 3042 969 3108 saepe
1028 3023 1422 3107 adgrediens
1479 3029 1629 3088 ante
1689 3044 1769 3089 ea
1835 3022 2040 3089 victus
2107 3023 2460 3108 cupiditate
2526 3021 2816 3108 pecuniis
2883 3020 3173 3086 vendidit
3236 3020 3375 3103 regi
3433 3018 3763 3085 Vandalo-
3801 3036 3861 3080 2⁴

261 3141 375 3182 Get·
401 3140 481 3182 2³⁹
505 3147 665 3208 rum,
718 3147 912 3208 quam
941 3126 1009 3191 in
1038 3127 1466 3192 Romanorum
1497 3133 1880 3211 potestatem
1912 3126 2236 3209 redigeret
2252 3128 2326 3209 ⁴).
2365 3126 2391 3210 ΙΙ
2422 3126 2740 3210 Asparum
2773 3130 2987 3189 autem
3033 3122 3372 3208 patricium
3419 3142 3562 3197 cum
3605 3122 3762 3187 filiis
3799 3125 3923 3188 338

507 3229 908 3295 Ardaburem
955 3236 1021 3295 et
1061 3229 1472 3294 Patriciolum
1517 3229 1794 3294 Zenonis
1836 3229 2060 3312 generi
2106 3229 2208 3299 sui
2250 3228 2557 3294 instinctu
2601 3228 2667 3292 in
2713 3226 2960 3312 palatio
3001 3224 3400 3310 trucidavit„
3429 3225 3766 3307 occisoque

137 3382 239 3424 Get·
267 3324 480 3424 {gl-³52}
505 3333 746 3399 Romae
790 3332 1131 3399 Anthemio
1183 3331 1208 3416 ΙΙ
1259 3331 1575 3418 Nepotem
1634 3331 1836 3398 filium
1882 3331 2226 3416 Nepotiani
2286 3332 2586 3417 copulata
2630 3337 2821 3416 nepte
2867 3349 2986 3396 sua
3029 3329 3096 3395 in
3141 3328 3543 3395 matrimonio
3586 3328 3764 3415 apud

502 3438 877 3502 Ravennam
922 3457 1040 3521 per
1069 3436 1506 3502 Domitianum
1554 3437 1851 3502 clientem
1899 3457 2085 3503 suum
2117 3437 2463 3503 Gaesarem
2509 3434 2833 3500 ordinavit
2849 3435 2925 3516 ⁵).
3018 3433 3128 3516 qui
3159 3434 3383 3518 Nepus
3414 3452 3613 3516 regno
3645 3454 3764 3518 po-

500 3541 654 3607 titus
700 3540 988 3624 legitimo
1034 3538 1432 3625 Glycerium,
1486 3540 1595 3623 qui
1640 3538 1764 3605 sibi
1806 3539 2142 3624 tyrannico
2187 3559 2362 3605 more
2406 3558 2674 3622 regnum
2720 3536 3148 3622 inposuisset,
3202 3536 3285 3601 ab
3329 3535 3600 3621 imperio
3644 3556 3761 3601 ex-
3798 3552 3861 3596 2⁹

503 3645 755 3730 pellens
815 3644 884 3709 in
928 3643 1169 3709 Salona
1213 3642 1577 3710 Dalmatiae
1635 3643 2006 3730 episcopum
2062 3643 2235 3710 fecit.
2331 3641 2428 3708 sic
2485 3661 2734 3726 quoquc
2787 3641 2919 3706 Leo
2966 3641 3247 3706 Leonem
3304 3639 3619 3705 iuniorem
3679 3659 3761 3705 ex
3798 3639 3925 3704 339

675 4011 729 4056 Η
751 4010 795 4056 Ρ
823 4010 865 4058 V
886 4009 924 4056 S
951 4009 999 4072 (8
1037 4009 1426 4057 Valentinianus
1460 4034 1530 4044 —
1569 4007 1629 4056 17
1667 4007 1951 4070 imperator)
1981 4007 2026 4056 L
2052 4009 2244 4056 Paulus
2268 4007 2315 4058 h.
2348 4006 2408 4056 R.
2441 4008 2522 4067 15,
2560 4010 2583 4053 l
2630 4004 2711 4066 (17
2751 4005 2884 4067 apud
2917 4031 2983 4040 —
3026 4002 3089 4053 19
3125 4003 3341 4064 invasit3
3382 4001 3451 4052 28
3487 4002 3657 4065 Nepus
3690 4027 3762 4038 —

505 4095 570 4145 30
606 4096 768 4158 fecit).
845 4094 1112 4156 Freeulsue
1147 4096 1198 4157 2,
1241 4097 1289 4156 5,
1334 4098 1399 4144 17
1440 4093 1524 4156 (20
1560 4100 1683 4142 tunc
1715 4119 1787 4129 —-
1822 4092 1887 4143 25
1927 4094 2215 4154 redigeret).
2290 4108 2332 4141 c.
2368 4095 2433 4141 18
2464 4092 2511 4154 (a
2537 4091 2602 4140 30
2627 4091 2768 4152 Leo).
2807 4116 2879 4126 —
2914 4089 3047 4140 Mur.
3083 4104 3140 4151 p.
3170 4075 3296 4138 239⁶
3330 4105 3382 4139 v.
3413 4087 3476 4136 19
3511 4087 3620 4136 -dis
3657 4090 3755 4137 sui.

673 4267 705 4317 2
742 4266 937 4336 diuina]
975 4268 1130 4317 diuisi
1165 4283 1193 4316 a
1236 4268 1277 4315 V
1539 4267 1569 4316 5
1607 4268 1730 4316 fioru
1775 4266 1817 4314 V
2069 4264 2098 4313 7
2136 4271 2410 4314 moreretur
2445 4265 2492 4312 P
2731 4277 2832 4325 que
2868 4275 2964 4312 om.
3014 4261 3057 4310 V
3306 4258 3339 4309 9
3374 4263 3544 4309 eutem
3578 4273 3675 4308 om.
3717 4259 3761 4307 L

508 4353 569 4403 10
604 4355 807 4403 obtilam
846 4355 939 4403 PV
1141 4360 1194 4403 et
1227 4354 1555 4403 hraufistilam
1593 4353 1667 4402 L:
1707 4353 2006 4401 Transtilem
2044 4350 2370 4400 Marcellinus
2578 4361 2871 4412 persecusso
2905 4347 2960 4395 Η
3162 4342 3363 4413 crecllo]
3405 4346 3506 4408 VL,
3546 4346 3763 4394 heraclio

502 4441 556 4502 8,
599 4442 804 4490 eracelio
841 4440 938 4488 ΗΡ
1214 4438 1275 4488 12
1312 4440 1596 4502 discreptus
1631 4438 1712 4486 P‘*
1990 4434 2136 4504 tunc]
2187 4436 2257 4485 bie
2294 4436 2340 4484 P
2618 4434 2679 4484 13
2731 4433 2935 4483 eudocia
2970 4433 3015 4481 L
3297 4431 3356 4481 14
3405 4432 3582 4482 eadem
3619 4430 3767 4480 HPV

509 4526 570 4577 15
606 4523 780 4593 africe]
806 4526 1073 4588 H(?)PVS,
1115 4527 1321 4575 africam
1346 4526 1390 4574 L
1604 4524 1665 4575 16
1702 4519 1994 4590 progeniae]
2020 4522 2184 4584 HPV,
2228 4523 2464 4584 progenie
2490 4520 2543 4581 S,
2585 4520 2808 4583 prolenle
2832 4519 2875 4567 L
3089 4517 3149 4567 17
3188 4513 3343 4585 nutu]
3379 4523 3553 4566 uotum
3579 4517 3692 4565 libr!

502 4614 784 4662 ualentiani
808 4614 917 4674 ΗΡ,
957 4614 1238 4661 ualentinla
1270 4612 1314 4659 V
1516 4608 1674 4677 apud]
1712 4625 1826 4659 mox
1851 4610 1985 4672 apud
2010 4608 2082 4657 L‘
2296 4606 2357 4657 19
2397 4608 2618 4658 Seuerus
2662 4606 2768 4656 Get.
2800 4607 2901 4655 236
2924 4620 3039 4654 eum
3066 4605 3358 4653 Marcellino
3567 4601 3632 4651 20
3668 4605 3764 4651 Ar-

501 4701 710 4748 temium
747 4701 831 4750 Fr.
1044 4697 1104 4747 21
1145 4699 1351 4759 bigilem
1378 4698 1436 4760 L,
1479 4698 1720 4758 Bigenem
1757 4697 1841 4745 Fr.
2054 4693 2119 4743 22
2156 4694 2466 4743 Ardeburem
2504 4694 2587 4743 Fr.
2710 4747 2716 4754 ,
2803 4692 2868 4741 24
2905 4687 2986 4758 ea]
3024 4691 3182 4750 HPV,
3222 4703 3331 4738 eam
3362 4691 3407 4739 L
3615 4691 3762 4751 cupl-

503 4788 706 4837 ditatem
743 4786 889 4835 HPV
1110 4785 1176 4834 25
1212 4789 1461 4847 potestate
1501 4783 1635 4831 PVL
1842 4782 2083 4842 redigerit
2117 4780 2231 4830 libri
2457 4777 2525 4829 26
2560 4780 2757 4840 generis
2791 4779 2836 4827 L
3061 4776 3127 4826 27
3164 4777 3273 4825 filiu
3319 4777 3361 4824 V
3566 4773 3632 4825 28
3668 4790 3760 4839 po-

503 4875 605 4924 tius
653 4874 692 4920 V
895 4871 963 4922 29
999 4872 1291 4933 inposuerat
1325 4870 1368 4918 L
1577 4868 1643 4918 30
1679 4865 1824 4935 fecit]
1859 4868 2113 4916 ordinauit
2148 4866 2191 4915 L

680 5167 723 5227 1)
765 5162 1042 5233 Βλέμμυες
1076 5161 1164 5214 καὶ
1199 5158 1465 5230 Νούβαδες
1499 5161 1637 5223 apud
1676 5160 1901 5209 Priscum
1936 5159 2006 5219 sr.
2037 5160 2098 5207 21
2140 5158 2317 5208 Muza.
2339 5175 2354 5205 .·
2392 5157 2462 5218 ef.
2492 5156 2563 5218 [ν.
2594 5159 2675 5206 92.

675 5254 722 5314 2)
769 5252 1090 5300 Anthemium
1124 5265 1353 5311 yenerum
1390 5250 1546 5310 fuisse
1584 5246 1833 5295 Marciani
1867 5260 2023 5307 neque
2059 5248 2112 5293 in
2149 5244 2331 5294 Getieis
2367 5246 2546 5304 leyt’tur
2579 5257 2734 5306 neque
2769 5244 2905 5304 apud
2931 5241 3292 5302 Marcellinum,
3335 5242 3473 5290 habet
3512 5242 3764 5302 Euayriue

507 5343 554 5404 2,
600 5342 663 5388 16
701 5343 753 5388 in
787 5341 1003 5399 epitoma
1040 5351 1190 5399 quam
1226 5338 1325 5397 ipse
1360 5338 1432 5384 ait
1467 5338 1714 5395 sumptam
1748 5346 1850 5381 esee
1885 5347 1941 5379 ex
1977 5332 2349 5392 dmyenta'uima
2387 5330 2543 5379 Prisci
2577 5332 2879 5379 narratione.

678 5425 726 5487 3)
769 5425 864 5472 Res
899 5423 1019 5472 alibi
1052 5437 1155 5471 non
1187 5427 1502 5472 memoratur.
1573 5419 1644 5480 cf.
1687 5419 1869 5468 &aedas
1905 5435 1946 5468 e.
1987 5434 2070 5466 v..·
2121 5408 2474 5486 Ἀρδαβσύριος
2508 5413 2618 5472 υἱὸς
2644 5403 2895 5484 Ἀσπαρος
2930 5417 3163 5484 γενναῖος
3197 5412 3284 5465 τὸν
3322 5411 3487 5482 θυμὸν
3522 5410 3611 5466 καὶ
3644 5411 3764 5471 τοὺς

504 5509 600 5579 τὴν
640 5499 846 5580 Θρᾴκην
883 5504 1135 5566 πολλάκις
1169 5504 1591 5574 καταδραμόντας
1629 5503 1916 5574 βαρβάρους
1953 5501 2220 5571 εὐρώστως
2255 5499 2731 5571 ἀποκρουσάμενος.

677 5598 725 5657 4)
773 5597 1021 5656 Euayriue
1057 5596 1092 5645 l.
1133 5609 1177 5643 e.
1198 5610 1214 5640 .·
1252 5589 1570 5660 ἐκπέμπεται
1606 5590 1663 5642 δὲ
1701 5590 1976 5661 στρατηγὸς
2010 5589 2143 5642 κατὰ
2179 5585 2444 5659 Γιζερὶχου
2484 5584 2794 5646 Βασιλίσκος
2831 5583 2859 5638 ὁ
2894 5591 2988 5657 τῆς
3014 5582 3235 5644 Λέοντος
3270 5584 3507 5655 γυναικὸς
3542 5581 3764 5655 ἀδελφὸς

506 5681 635 5759 μετὰ
670 5678 1062 5751 στρατευμάτων
1099 5676 1385 5749 ἀριστίνδην
1423 5675 1840 5748 συνειλεγμένων,
1880 5673 2011 5745 ἅπερ
2046 5672 2382 5746 ἀκριβέστατα
2419 5670 2625 5742 Πρίσκῳ
2661 5673 2741 5741 τῷ
2776 5671 2953 5744 ῥητόρι
2987 5670 3287 5741 πεπόνηται.

680 5772 728 5842 5)
774 5770 870 5819 Nec
903 5774 1098 5838 patu-em¹
1131 5768 1327 5834 Nepotis
1362 5783 1452 5821 nee
1490 5768 1831 5819 Domitianum
1867 5765 1994 5816 hune
2027 5765 2204 5830 reliqui
2239 5768 2462 5813 auctores
2498 5766 2787 5814 manarant.

3272 5859 3353 5912 fi*
