4882 6775
1103 499 1187 558 50
2554 496 2911 551 lossDANffi

1099 684 1360 749 Orontis
1404 684 1664 750 alveum
1707 684 1792 749 ad
1831 685 2190 751 Seleuciam
2240 685 2621 751 maritimam
2668 707 2813 751 cum
2859 685 3171 751 militibus
3216 686 3434 751 mixtis
3479 685 3831 767 fugientem
3875 684 4196 770 aspiciunt
4236 706 4355 750 uec

1101 795 1439 869 secuntur,
1503 788 1621 853 sed
1680 788 1915 872 predas
1961 809 2075 873 per
2117 791 2338 855 urbem
2384 791 2675 855 certatim
2722 789 3034 874 diripiunt
3076 789 3451 871 vicinasque
3496 790 3689 855 urbes
3733 796 3799 854 et
3839 788 4079 872 oppida
4122 789 4352 873 partim

1101 891 1328 956 invasa
1371 893 1600 975 partim
1647 891 1956 976 pecuniae
2001 893 2356 976 quantitate
2414 895 2685 959 multata
2744 900 3153 978 praetereunt
3208 901 3274 958 et
3326 894 3522 957 totius
3566 892 3946 975 Cylesyriae
4004 891 4174 955 bona
4231 891 4353 955 sibi

859 1020 878 1043 ο
939 997 1059 1057 377
1102 994 1291 1060 unius
1333 995 1400 1060 in
1445 994 1598 1060 anni
1643 995 1919 1079 spatium
1967 1016 2132 1079 pene
2179 997 2458 1061 Parthus
2500 997 2805 1062 adsumit.
2882 1017 3001 1062 nec
3046 996 3140 1062 sic
3183 1016 3437 1079 quoque
3482 996 3743 1073 recedit,
3797 995 3913 1059 sed
3957 994 4193 1077 iugiter
4235 994 4353 1058 ad-

1037 1118 1063 1156 s,
1102 1118 1358 1163 versum
1404 1100 1754 1163 Romanam
1800 1118 1931 1162 rem
1979 1099 2304 1182 publicum
2350 1099 2639 1165 dimicat.
2731 1109 2953 1164 eontra
3012 1120 3200 1182 quem
3248 1099 3641 1163 Vandalicas
3687 1098 4078 1179 Geticasque
4136 1098 4351 1162 consul
4380 1110 4443 1152 ef·
4474 1110 4608 1152 Hm·
4636 1114 4699 1153 ⁵⁴¹

1101 1202 1287 1267 solite
1331 1200 1762 1283 distinatur¹,.
1858 1202 1970 1284 qui
2012 1202 2135 1267 etsi
2171 1214 2305 1299 pon
2349 1212 2420 1268 ut
2465 1204 2749 1287 reliquas
2794 1212 3024 1287 gentes
3070 1223 3217 1268 eum
3264 1203 3569 1281 edomuit,
3621 1210 3838 1267 tamen
3883 1206 3953 1265 ut
3994 1201 4163 1266 intra
4205 1220 4353 1265 suos
4380 1216 4429 1255 et
4458 1214 4560 1255 Get·
4588 1215 4659 1256 ³¹5

1101 1324 1172 1370 se
1217 1306 1378 1371 fines
1422 1306 1841 1389 recollegeret
1884 1307 2191 1391 conpulit,
2245 1308 2602 1390 fuissetque
2646 1316 2711 1372 et
2755 1306 2838 1371 de
2883 1307 3004 1371 hac
3048 1316 3243 1390 gente
3289 1305 3465 1371 felici
3512 1306 3662 1372 duci
3712 1314 3899 1390 parta
3940 1305 4238 1383 victoria,
4289 1304 4354 1368 ni

1100 1408 1322 1473 clades
1367 1409 1628 1490 ltaliae,
1696 1430 1860 1491 quae
1920 1416 2065 1494 post
2124 1410 2264 1474 eius
2309 1410 2670 1475 discessum
2714 1418 3099 1491 emerserat,
3165 1411 3440 1474 celerem
3486 1410 3546 1473 ei
3594 1428 4024 1473 successorem
4071 1407 4358 1472 dedisset

1101 1510 1468 1577 Martinum.
1553 1513 1664 1594 qui
1708 1512 1828 1577 etsi
1873 1512 2117 1578 viribus
2159 1514 2366 1597 inpar,
2420 1514 2688 1578 consilio
2732 1522 2952 1579 tamen
2995 1514 3290 1596 quamvis
3336 1534 3480 1577 cum
3524 1512 3983 1578 Constantiano
4026 1510 4357 1575 coniuncto
4385 1524 4447 1566 ef·
4477 1524 4613 1565 ω.
4642 1527 4710 1566 ⁵⁴6

1007 1634 1062 1673 ιο
1100 1636 1226 1680 non
1283 1616 1520 1697 minor,
1586 1615 1737 1681 dum
1797 1616 2010 1681 resisti
2069 1624 2289 1681 contra
2333 1617 2603 1682 Parthos
2662 1637 2787 1681 non
2844 1619 3208 1701 praevalet,
3275 1638 3357 1681 ne
3416 1617 3591 1682 bella
3636 1615 3747 1681 diu
3792 1622 4072 1693 teneret,
4135 1634 4357 1699 pacem

1105 1717 1318 1784 effecit
1334 1723 1374 1801 2)
1396 1770 1410 1783 .

857 1852 878 1869 ·
945 1822 1067 1885 378
1276 1821 1545 1887 Cladem
1613 1840 1767 1886 vero
1834 1841 2025 1905 quam
2094 1821 2374 1887 diximus
2447 1821 2515 1886 iu
2582 1822 2853 1907 Esperia
2927 1825 3125 1908 plaga
3200 1829 3270 1887 ut
3344 1823 3652 1905 liquidius
3726 1824 3924 1887 lector
3988 1826 4349 1904 eognoscat,

1104 1925 1393 2009 apertius
1459 1926 1845 1990 memorabo.
1955 1925 2329 2008 egrediente
2398 1927 2727 1991 Belesario
2795 1928 3057 1991 consule
3123 1928 3206 1991 ab
3274 1928 3467 1992 Italia
3539 1933 3604 1991 et
3675 1933 3747 1991 ut
3811 1925 4091 1990 diximus
4113 1978 4127 2003 ,
4206 1944 4357 2006 rege
4385 1937 4447 1980 or·
4476 1937 4611 1980 lm
4639 1940 4709 1979 Μ’»

1104 2029 1330 2109 regina
1384 2048 1664 2112 opesque
1725 2029 1952 2113 palatii
2015 2029 2101 2093 ad
2159 2031 2511 2114 principem
2572 2037 2939 2114 reportante
2997 2030 3226 2109 Gothi,
3292 2031 3398 2114 qui
3454 2038 3633 2094 trans
3682 2028 3928 2093 Padum
3987 2029 4052 2092 in
4098 2026 4358 2110 Liguria

1009 2152 1066 2192 ιε
1104 2131 1558 2213 consistebant,
1611 2131 2117 2197 recrudisceutes
2161 2134 2410 2198 animos
2455 2135 2542 2199 ad
2585 2135 2762 2199 bella
2806 2142 3197 2217 consurgunt
3240 2141 3306 2198 et
3347 2134 3643 2199 ordinato
3690 2133 3812 2198 sibi
3857 2134 4080 2215 regulo
4121 2130 4359 2195 Helde-

1103 2234 1273 2299 bado
1327 2234 1518 2300 militi
1575 2235 1858 2301 existunt
1913 2236 2204 2301 adversi:
2280 2245 2499 2302 contra
2554 2257 2713 2319 quos
2773 2238 2924 2302 dum
2983 2257 3108 2301 non
3172 2239 3397 2318 uniuS,
3466 2237 3584 2301 sed
3640 2236 4033 2301 diversorum
4091 2239 4360 2317 temptat

1107 2338 1324 2402 varius
1382 2345 1764 2422 apparatus,
1846 2338 1943 2403 illi
2005 2339 2298 2405 fortiores
2355 2341 2569 2406 effecti
2626 2341 2978 2425 persistunt
3036 2341 3317 2422 annique
3374 2341 3582 2425 spatio
3639 2340 3746 2403 vix
3806 2358 4063 2403 emenso
4118 2336 4360 2401 Helde-
4387 2351 4447 2393 cr-
4474 2353 4612 2393 uue-
4638 2353 4703 2392 ⁵⁴¹

946 2445 1068 2505 379
1105 2442 1316 2508 badus
1358 2442 1731 2507 interficitur
1775 2449 1839 2507 et
1882 2444 2023 2508 loco
2068 2444 2209 2508 eius
2254 2444 2541 2509 succedit
2586 2445 2884 2509 Erarius:
2952 2445 3061 2527 qui
3106 2449 3172 2509 et
3214 2444 3355 2528 ipse
3402 2444 3511 2508 vix
3554 2464 3722 2507 anuo
3766 2443 4023 2526 expleto
4067 2454 4710 2525 peremp-et.1⁸re-⁵⁴2

1106 2552 1211 2609 tus
1255 2552 1354 2609 est
1399 2551 1465 2609 et
1506 2545 1573 2608 in
1603 2564 1822 2626 regne.
1901 2546 2072 2611 malo
2101 2547 2330 2611 Italiae
2363 2547 2642 2612 Baduila
2685 2548 2937 2612 iuvenis
2983 2568 3188 2631 nepus
3233 2547 3567 2612 asciscitur
3595 2545 3979 2611 Heldebadi.
4059 2544 4170 2626 qui
4213 2563 4359 2608 mox

1009 2668 1070 2711 πο
1109 2653 1175 2713 et
1232 2648 1371 2712 sine
1429 2668 1608 2713 mora
1649 2649 2005 2714 Faventino
2063 2650 2130 2713 iu
2188 2650 2423 2734 oppido
2471 2651 2745 2716 Emiliae
2798 2651 2921 2715 soli
2967 2652 3210 2735 proelio
3255 2650 3592 2715 commisso
3638 2652 3992 2714 Romanum
4039 2647 4362 2732 superavit

1108 2751 1489 2816 exercitum:
1560 2758 1626 2817 et
1681 2772 1802 2817 nec
1860 2753 1970 2818 diu
2029 2761 2175 2839 post
2217 2753 2379 2819 haec
2422 2754 2575 2819 item
2622 2775 2738 2839 per
2782 2774 2933 2819 suos
2977 2755 3063 2819 ad
3108 2755 3419 2819 Mucellos
3465 2754 3852 2819 annonariae
3897 2753 4172 2817 Tusciae
4218 2750 4359 2815 feli-

1109 2854 1268 2920 citer
1326 2854 1641 2920 dimicans
1684 2856 1933 2922 iudices
1977 2856 2195 2940 fugat,
2260 2857 2609 2923 exereitum
2654 2857 2884 2942 partim
2932 2858 3151 2940 donis,
3218 2859 3448 2942 partim
3494 2856 3830 2922 blanditiis
3876 2856 3997 2921 sibi
4043 2854 4387 2920 consociat·

1108 2964 1430 3041 totamque
1485 2958 1740 3024 Italiam
1787 2979 1928 3025 eum
1972 2960 2121 3044 ipsa
2165 2963 2369 3026 Roma
2412 2961 2711 3044 pervadit
2753 2960 3163 3045 omniumque
3207 2962 3457 3027 urbium
3503 2959 3900 3025 munimenta
3943 2958 4261 3024 distruens
4280 2960 4353 3039 ³),

835 3090 858 3113 ο
947 3065 1072 3126 380
1110 3068 1368 3126 cunctos
1412 3069 1741 3127 senatores
1785 3063 2061 3129 nudatos
2106 3064 2413 3130 demolita
2458 3066 2659 3130 Roma
2689 3065 3083 3149 Campaniae
3129 3073 3299 3130 terra
3343 3068 3819 3145 transmutat⁴}.
3898 3068 4115 3127 contra
4143 3080 4351 3143 quem,
4386 3075 4507 3116 IGN-

1011 3186 1073 3227 25
1111 3169 1182 3229 ut
1247 3166 1541 3249 superius
1608 3165 1923 3248 diximus,
1997 3168 2366 3233 Belesarius
2434 3167 2517 3233 de
2574 3167 2835 3234 Oriente
2902 3167 3215 3251 dil-egitur
3274 3188 3416 3232 cum
3476 3167 3701 3251 paucis
3718 3169 3802 3249 ⁵),
3877 3172 4052 3230 ratus
4111 3183 4359 3228 omnem
4390 3178 4453 3221 er.
4481 3178 4622 3220 nm.
4646 3180 4714 3219 ⁵⁴⁵

1109 3268 1496 3351 exereitum,
1564 3290 1754 3352 quem
1813 3270 2198 3353 demiserat,
2261 3271 2583 3355 integrum
2642 3271 2946 3355 reperire.
3042 3279 3108 3337 et
3161 3271 3309 3336 ideo
3368 3278 3703 3355 postquam
3749 3270 4055 3333 Ravenna
4109 3268 4361 3349 ingres÷

1112 3390 1224 3438 sus
1283 3379 1383 3437 est
1439 3393 1559 3438 nec
1604 3394 1746 3438 eum
1794 3373 2024 3455 quibus
2068 3374 2129 3440 ei
2173 3374 2468 3441 obviaret
2508 3374 2787 3458 invenit,
2854 3396 3274 3457 remensoque
3319 3374 3647 3440 Adriatico
3692 3394 3866 3439 mare
3910 3371 4103 3458 Epiro
4147 3391 4361 3436 rever-

1109 3475 1295 3556 titur,
1349 3475 1459 3541 ubi
1504 3474 1822 3542 Iohannes
1868 3484 1933 3543 et
1975 3478 2358 3543 Valerianus
2405 3479 2465 3544 ei
2510 3479 2863 3562 coniuncti,
2925 3480 3077 3544 dum
3120 3479 3190 3544 in
3235 3479 3566 3543 contiones
3611 3483 3677 3542 et
3717 3476 3929 3560 iurgia
3972 3479 4354 3556 concertant,

1111 3578 1326 3643 'rotila
1382 3579 1491 3662 qui
1535 3580 1812 3646 Baduila
1870 3581 2103 3647 hostile
2150 3602 2312 3667 opus
2355 3582 2423 3647 in
2467 3581 2661 3648 Italia
2702 3583 2974 3668 peragit.
3071 3582 3440 3648 Belesarius
3486 3601 3736 3664 quoque
3780 3579 4101 3664 inpatiens
4145 3583 4361 3643 tantae
4388 3594 4450 3635 cr.
4482 3593 4621 3635 utre-
4648 3593 4713 3633 w

1284 3874 1338 3919 H
1359 3873 1404 3920 Ρ
1433 3874 1472 3920 V
1493 3874 1532 3922 S
1560 3875 1609 3934 (α
1641 3873 1699 3922 12
1725 3875 1949 3937 Cladem)
1978 3877 2023 3925 L
2059 3876 2318 3938 Freculfus
2343 3880 2391 3940 2,
2423 3880 2474 3938 5,
2504 3880 2562 3926 21
2602 3878 2683 3938 (ad
2708 3878 2737 3927 7
2764 3879 3030 3939 conpulit).
3086 3881 3132 3938 Ξ,
3166 3881 3214 3939 5,
3247 3880 3312 3927 23
3342 3880 3391 3940 (a
3422 3876 3483 3926 13
3509 3877 3839 3939 egrediente).
3877 3902 3947 3912 —
3982 3873 4114 3924 Mur.
4151 3888 4204 3934 p.
4236 3871 4361 3921 242⁰

1145 3976 1192 4009 v.
1231 3959 1289 4009 13
1326 3961 1423 4008 -lia
1456 3966 1508 4008 et
1545 3965 1618 4009 ut.

1288 4115 1309 4162 ι
1352 4116 1651 4166 selemiam
1687 4099 1733 4162 Ῥ
1955 4119 1985 4167 3
2022 4116 2316 4185 cylesyriae]
2353 4119 2512 4178 HPV,
2554 4120 2720 4168 cilicie
2758 4122 2903 4168 siriae
2943 4120 2986 4167 L
3204 4118 3236 4166 4
3272 4121 3327 4166 in
3364 4120 3517 4166 unius
3554 4119 3596 4165 L
3804 4118 3965 4178 spatio
4003 4116 4045 4163 L
4250 4128 4362 4176 par-

1116 4202 1227 4250 thos
1267 4201 1361 4248 ΗΡ
1373 4202 1409 4248 V
1613 4203 1837 4263 iungiter
1871 4204 1928 4250 H
2127 4206 2390 4254 aduersam
2414 4206 2457 4252 L
2666 4205 2698 4253 6
2734 4207 2827 4254 soli
2857 4206 2896 4253 L
3104 4207 3368 4254 distinator
3393 4205 3538 4251 HPV
3741 4209 3906 4251 tamen
3945 4199 4026 4268 nt]
4062 4207 4226 4250 tamen
4253 4200 4295 4247 L

1120 4293 1207 4335 uta
1245 4286 1314 4334 L“
1525 4288 1553 4335 7
1593 4288 1880 4349 recolligere
1919 4290 1961 4337 L
2171 4289 2201 4338 8
2238 4296 2546 4339 emerserant
2576 4292 2616 4338 L
2823 4292 3083 4339 dedissent
3110 4292 3152 4339 L
3361 4290 3392 4339 9
3430 4292 3743 4338 constantino
3771 4290 3810 4337 L
4023 4287 4083 4336 12
4120 4289 4278 4335 lectur
4315 4288 4365 4332 H

1121 4372 1182 4422 13
1220 4379 1272 4420 et
1305 4387 1402 4423 om.
1446 4374 1488 4421 L
1695 4389 1808 4435 rege
1843 4372 2041 4442 regina]
2077 4376 2303 4426 HPVSL
2514 4375 2576 4426 14
2614 4383 2947 4441 reportantem
2984 4377 3029 4423 L
3241 4376 3302 4425 15
3340 4380 3541 4425 animus
3578 4376 3641 4437 H,
3684 4378 3848 4424 animo
3885 4376 3927 4423 L
4132 4373 4364 4422 eldebado

1119 4460 1268 4518 HPS,
1311 4460 1589 4508 Hildebado
1627 4462 1707 4510 st.
1926 4462 1987 4511 16
2024 4459 2199 4529 militi]
2237 4462 2351 4510 libri
2562 4477 2656 4512 non
2691 4461 2866 4530 unius]
2903 4463 3080 4511 nonius
3106 4463 3161 4509 H
3369 4463 3428 4511 17
3467 4462 3762 4510 hildebadus
3802 4462 3844 4508 L
4056 4460 4114 4509 18
4150 4461 4362 4507 errarius

1120 4544 1166 4592 P
1397 4544 1457 4593 19
1494 4546 1722 4594 eldebadi
1762 4546 1900 4595 HPL
2129 4549 2194 4597 20
2231 4555 2284 4596 et
2318 4562 2413 4597 om.
2456 4549 2499 4595 L
2731 4549 2987 4598 fabentino
3024 4548 3067 4595 L
3299 4549 3359 4597 21
3399 4551 3520 4597 item
3557 4563 3651 4596 om.
3694 4549 3738 4596 L
3965 4562 3994 4622 a
4030 4547 4285 4595 mulcellos
4320 4545 4364 4592 L

1116 4631 1180 4681 24
1218 4632 1455 4681 demolita
1490 4629 1646 4697 roma]
1684 4632 1978 4695 H(?)PVLS
2184 4634 2250 4683 26
2287 4632 2530 4702 rauenna]
2568 4636 2771 4695 HPVS,
2813 4649 3085 4683 rauennam
3124 4634 3166 4681 L

1295 4856 1339 4917 1)
1383 4857 1581 4905 Parthis
1617 4858 2005 4919 persistentibus
2042 4859 2262 4906 inimicis
2299 4859 2570 4906 Belisarius
2605 4858 2827 4907 Orientis
2871 4861 3095 4920 suscepit
3143 4859 3517 4927 expeditionem
3556 4859 3801 4908 Germano
3839 4872 4058 4918 regresso
4094 4857 4155 4904 ad
4191 4858 4361 4905 urbem

1115 4943 1296 5003 regiam
1339 4942 1671 4991 Continuam
1710 4941 1985 4992 Marcellini
2019 4958 2069 4992 a.
2113 4946 2266 5000 541.-

1285 5029 1333 5089 2)
1376 5030 1429 5076 in
1467 5029 1670 5078 Oriente
1717 5042 1832 5077 cum
1869 5029 2071 5077 Parthis
2121 5030 2294 5078 foedus
2341 5031 2504 5078 initur
2550 5045 2639 5094 per
2676 5032 3093 5080 constantianum
3134 5032 3425 5093 magistrum
3469 5032 3681 5079 militiae
3734 5031 4055 5080 Continuata·
4089 5028 4365 5077 Marcellini

1110 5129 1161 5165 a.
1204 5117 1322 5164 5⁴6.

1284 5199 1331 5260 3)
1375 5200 1524 5248 Gothi
1565 5200 1734 5248 Erario
1782 5214 1898 5260 rege
1946 5202 2103 5248 occ-iso
2142 5202 2362 5250 Totilam
2412 5203 2467 5249 in
2515 5216 2724 5262 regnum
2777 5205 3143 5264 manciparunt.
3221 5206 3309 5265 qui
3349 5204 3474 5252 malo
3512 5204 3685 5250 Italiae
3725 5215 3839 5249 mox
3878 5200 4064 5249 Padum
4100 5201 4282 5248 transit
4314 5204 4367 5247 et

1109 5286 1168 5334 ad
1209 5286 1499 5334 Faventiam
1537 5287 1786 5335 Aemiliae
1822 5288 2076 5335 civitatem
2115 5288 2446 5336 Romanorum
2482 5291 2758 5336 exercitum
2793 5296 3027 5350 superat,
3069 5291 3221 5338 duces
3258 5292 3470 5350 effugat,
3514 5288 3785 5336 Caesenam
3822 5291 3873 5335 et
3910 5287 4183 5344 Vrbinum,
4226 5286 4363 5333 Mon-

1110 5377 1211 5421 tem
1253 5372 1466 5420 Feretris
1503 5379 1554 5420 et
1593 5373 1735 5420 Petra
1772 5378 1978 5435 pertusa
2012 5380 2252 5435 occupat,
2308 5374 2406 5422 hnc
2441 5375 2663 5435 illucque
2701 5374 2991 5424 discurrens
3027 5377 3253 5424 devastat
3290 5377 3502 5425 Italiam.
3579 5388 3752 5423 rursus
3788 5376 3844 5421 in
3882 5373 4151 5421 annonaria
4189 5373 4366 5420 Tuscia

1110 5459 1168 5506 ad
1209 5458 1446 5506 Mucellos
1483 5473 1573 5520 per
1611 5458 1823 5506 Ruderit
1858 5464 1910 5506 et
1945 5460 2152 5507 viliarid
2183 5459 2485 5522 Bledamque
2522 5460 2675 5508 duces
2712 5475 2829 5509 suos
2866 5463 3144 5510 Romanum
3182 5464 3460 5511 exercitum
3498 5467 3703 5522 superat
3747 5460 4070 5508 Continuator
4096 5458 4366 5506 Marcellini·

1110 5559 1160 5594 α.
1203 5546 1322 5593 542.
1401 5544 1554 5592 Roma
1592 5558 1704 5593 vero
1742 5544 2000 5593 obsidetur
2037 5561 2064 5593 a
2101 5547 2246 5605 longe
2283 5545 2410 5594 idem
2445 5561 2495 5595 α.
2536 5550 2656 5598 544.

1280 5629 1325 5686 4)
1372 5631 1532 5679 Totila
1560 5666 1571 5678 .
1604 5667 1615 5680 .
1651 5668 1662 5679 .
1694 5631 1974 5692 ingreditur
2002 5632 2203 5681 Romam
2234 5668 2246 5680 .
2279 5668 2291 5681 .
2324 5668 2336 5681 .
2367 5647 2423 5680 ae
2460 5635 2644 5682 evertit
2678 5646 2845 5681 muros
2874 5671 2884 5681 .
2919 5670 2929 5682 .
2965 5670 2975 5682 .
3008 5649 3064 5681 ac
3098 5648 3274 5682 omnes
3300 5635 3630 5682 Romanorum
3662 5646 3741 5681 res
3776 5634 3832 5680 in
3871 5631 4104 5693 praedam
4141 5631 4358 5692 accepit:

1109 5716 1196 5763 hos
1240 5718 1347 5774 (scr.
1393 5719 1525 5775 mox)
1568 5717 1700 5777 ipsos
1735 5716 1982 5765 Romanos
2017 5719 2073 5765 in
2112 5719 2435 5781 Campaniam
2474 5720 2696 5780 captivos
2732 5720 2936 5767 abducit
2981 5722 3301 5768 Continuator
3338 5719 3619 5766 Marcellini
3654 5733 3702 5768 a.
3748 5720 3864 5766 547.

1281 5802 1326 5863 5)
1372 5803 1644 5851 Belisarlus
1681 5804 1741 5852 de
1779 5803 1984 5852 Oriente
2021 5811 2252 5853 evocatus
2291 5843 2301 5854 .
2339 5841 2349 5852 .
2383 5842 2393 5852 .
2438 5820 2613 5853 rursus
2650 5807 2926 5854 remittitur
2961 5807 3023 5854 ad
3060 5807 3254 5854 ltaliam
3300 5808 3663 5854 C'ontae'nuatuor
3703 5803 3979 5851 Marcellini·
4014 5818 4063 5851 a.
4106 5805 4224 5853 515.
