4882 6775
1955 503 2270 560 ROMANA
2281 547 2296 562 .
3670 512 3751 576 33

497 714 537 758 a
591 699 817 778 coepta
876 700 1234 759 removeret
1290 694 1629 778 tyrannide
1649 746 1663 775 ,
1730 695 2094 760 transierat.
2196 717 2346 761 nam
2406 696 2724 762 Antonius
2782 717 2969 763 omne
3026 698 3354 763 Actiacum
3413 698 3565 764 litus
3620 700 3753 764 iam

498 796 815 861 classibus
875 796 1251 862 obsedebat.
1345 797 1462 862 sed
1521 817 1666 862 mox
1727 798 1837 862 ubi
1894 798 1980 863 ad
2037 800 2350 883 proelium
2412 799 2656 865 vintum
2721 808 2821 867 est
2865 806 2930 866 et
2974 801 3275 867 Caesaris
3320 801 3530 867 classe
3575 801 3753 867 illius

129 913 268 961 moni.
293 919 330 965 ⁴.
360 918 416 963 n.
446 918 470 958 s
497 900 706 984 coepit
747 900 1006 965 turbare
1051 900 1419 983 navigium,
1489 901 1695 985 prima
1739 901 1872 966 dux
1915 901 2112 985 fugae
2158 902 2384 985 regina
2428 923 2572 967 cum
2618 924 2817 970 aurea
2861 923 3075 989 puppe
3120 904 3391 986 veloque
3435 924 3754 989 purporeo

381 1033 417 1060 c.
447 1020 472 1060 ⁹
497 1002 562 1067 in
607 1002 810 1068 altum
856 1003 1054 1068 dedit.
1150 1024 1298 1069 mox
1344 1010 1604 1069 secutus
1634 1004 1969 1070 Antonius.
2053 1006 2168 1070 sed
2212 1006 2455 1070 instare
2501 1005 2793 1089 vestigiis
2826 1007 3088 1089 Caesar,
3138 1006 3356 1088 itaque
3400 1026 3521 1072 nec
3563 1027 3753 1090 prae-
3790 1007 3915 1069 253

493 1112 719 1190 parata
782 1106 849 1171 in
909 1126 1217 1173 oceanum
1279 1108 1438 1191 fuga
1497 1127 1616 1173 nec
1673 1107 1920 1173 munita
1978 1107 2320 1192 praesidiis
2377 1115 2649 1192 utraque
2708 1108 2991 1193 Aegypti
3051 1129 3288 1175 cornua
3344 1109 3751 1175 Paretonium
3793 1129 3818 1169 5

489 1214 681 1291 atque
741 1209 1071 1274 Pelusium
1131 1211 1449 1294 profuere.
1544 1230 1742 1295 prope
1799 1231 1992 1275 manu
2053 1212 2458 1277 tenebantur.
2538 1211 2811 1295 primum
2874 1211 3113 1277 ferrum
3173 1212 3509 1297 occupavit
3553 1214 3754 1279 Anto-

491 1311 659 1376 nius.
751 1312 979 1395 regina
1037 1312 1122 1377 ad
1180 1313 1382 1397 pedes
1443 1313 1720 1396 Augusti
1780 1314 2119 1398 provoluta
2178 1314 2520 1397 temptavit
2578 1315 2796 1379 oculos
2857 1315 3061 1380 ducis.
3166 1314 3406 1381 frustra
3461 1316 3745 1399 quidem.

351 1445 387 1473 c.
421 1434 466 1473 ιο
490 1435 640 1479 nam
697 1414 1105 1499 pulchritudo
1163 1416 1335 1480 intra
1392 1415 1770 1500 pudicitiam
1831 1416 2136 1501 principis
2183 1416 2325 1482 fuit.
2418 1437 2538 1482 nec
2580 1417 2696 1481 illa
2741 1416 2822 1483 de
2867 1417 3032 1495 vita,
3099 1438 3267 1500 quae
3311 1418 3744 1502 auferebatur,

490 1517 608 1583 sed
652 1517 732 1582 de
777 1527 959 1603 parte
1005 1519 1187 1603 regni
1232 1519 1587 1585 laborabat.
1681 1518 1854 1602 quod
1897 1519 2006 1584 ubi
2051 1519 2424 1604 desperavit
2466 1540 2507 1584 a
2550 1520 2843 1605 principe
2894 1521 3266 1602 servarique
3312 1539 3382 1586 se
3427 1521 3752 1606 triumpho
3789 1524 3912 1583 254

350 1651 388 1681 c.
418 1638 462 1680 ιι
490 1621 808 1705 cognovit,
859 1621 1275 1687 incautiorem
1321 1627 1554 1687 nancta
1600 1620 1992 1699 custodiam,
2048 1622 2118 1687 in
2163 1624 2566 1688 mausuleum
2613 1642 2684 1689 se
2730 1644 2953 1707 regum
2999 1623 3241 1709 recepit
3282 1624 3500 1707 ibique
3545 1624 3753 1690 maxi·
3793 1643 3851 1685 ιο

488 1744 660 1806 mos,
714 1730 784 1790 ut
828 1726 1108 1806 solebat,
1167 1725 1394 1790 induta
1438 1726 1648 1791 cultus
1692 1725 1759 1790 in
1806 1724 2042 1791 referto
2088 1725 2389 1791 odoribus
2434 1727 2596 1792 solio
2639 1727 2824 1793 iuxta
2869 1746 3053 1792 suum
3101 1746 3171 1791 se
3217 1727 3575 1792 conlocavit
3615 1728 3752 1792 An-

284 1845 319 1890 ι,
351 1845 408 1893 ¹2.
439 1847 457 1887 ι
486 1827 731 1892 tonium
787 1827 1189 1911 admotisque
1249 1828 1336 1894 ad
1393 1848 1595 1894 venas
1653 1828 2058 1914 serpentibus
2104 1828 2198 1895 sic
2241 1836 2444 1896 morte
2489 1830 2672 1914 quasi
2721 1851 2942 1896 somno
2989 1831 3198 1897 soluta
3244 1837 3366 1896 est.
3458 1830 3563 1896 hic
3605 1830 3753 1896 finis

227 1948 342 1987 aar.
369 1949 406 1995 τ.
436 1951 460 1989 s
485 1931 801 1996 bellorum
847 1932 1121 2014 Augusti
1168 1932 1468 1998 Caesaris
1513 1939 1643 1997 tam
1689 1952 1830 1997 cum
1880 1932 2129 1997 civibus
2173 1954 2367 2015 quam
2416 1953 2562 1998 cum
2606 1934 2953 1999 extraneis.
3006 1934 3031 2018 ΙΙ
3079 1933 3174 1999 sic
3227 1953 3483 2016 quoque
3526 1935 3754 2016 Augu·
3790 1936 3914 1996 255

488 2040 626 2098 stus
671 2034 914 2100 Caesar
950 2035 1364 2117 Octavianus,
1417 2055 1543 2119 quo
1585 2037 1808 2101 nullus
1853 2035 2308 2119 imperatorum
2354 2036 2422 2101 in
2467 2036 2660 2102 bellis
2706 2036 2957 2103 felicior
2999 2057 3120 2102 nec
3164 2055 3324 2120 pace
3368 2036 3755 2103 moderatior

109 2152 463 2200 rammam
492 2136 647 2218 fuit,
716 2137 1129 2203 civilissimus
1185 2138 1253 2203 in
1311 2138 1628 2204 omnibus.
1681 2140 1707 2222 ΙΙ
1760 2138 1868 2223 qui
1923 2139 2007 2204 ab
2053 2139 2296 2205 oriente
2340 2139 2408 2203 in
2454 2138 2817 2221 occidente,
2885 2160 2927 2205 a
2972 2139 3402 2225 septentrione
3445 2140 3513 2204 in
3556 2139 3754 2205 meri-
3795 2158 3854 2200 ιε

483 2238 591 2304 die
649 2259 726 2305 ac
786 2260 901 2324 per
956 2247 1156 2306 totum
1215 2241 1439 2306 oceani
1496 2241 1806 2306 circulum
1861 2241 2107 2307 cunctis
2168 2238 2470 2324 gentibus
2529 2262 2660 2307 una
2718 2263 2879 2327 pace
2941 2243 3290 2327 conpositis
3333 2242 3477 2307 Iani
3537 2248 3753 2327 portas

219 2360 331 2400 mer.
358 2360 462 2403 που
487 2341 631 2426 ipse
689 2349 839 2408 tunc
898 2344 1132 2409 clausit
1176 2344 1201 2426 ΙΙ
1248 2351 1314 2410 et
1370 2363 1631 2410 censum
1677 2346 1920 2411 Romae
1983 2364 2127 2411 cum
2171 2345 2429 2411 Tiberio
2480 2345 2741 2429 agitans
2784 2346 3029 2411 invenit
3070 2345 3396 2411 hominum
3439 2345 3753 2429 nonagies
3791 2349 3917 2410 256

241 2463 338 2504 tue.
367 2463 406 2510 ι.
440 2465 455 2505 ¹
486 2452 776 2510 trecenta
820 2447 1234 2531 septuaginta
1277 2448 1458 2513 milia
1490 2449 1515 2529 ΙΙ
1547 2467 1928 2531 omnemque
1974 2449 2192 2514 orbem
2235 2449 2554 2514 venientis
2591 2451 2743 2514 Iesu
2774 2449 3014 2521 Christi
3056 2455 3210 2515 notu
3254 2454 3553 2534 pacatum
3597 2469 3753 2515 cen-

108 2565 461 2609 nar.19u.2o¹5
488 2547 616 2612 seri
675 2550 1003 2634 praecepit
1049 2550 1072 2633 ΙΙ
1119 2551 1541 2634 regnavitque
1600 2572 1751 2616 ann.
1805 2570 1945 2615 [Νι.
1998 2550 2023 2635 ΙΙ
2068 2551 2186 2617 sed
2243 2551 2500 2636 imperii
2560 2551 2700 2617 eius
2760 2552 3043 2617 secundo
3102 2558 3168 2617 et
3208 2551 3752 2635 quadragensimo

484 2671 655 2716 anno
712 2652 1009 2718 dominus
1054 2655 1240 2719 Iesus
1284 2654 1577 2721 Christus
1639 2675 1721 2720 ex
1779 2654 2007 2739 spiritu
2070 2661 2289 2720 sancto
2350 2661 2416 2720 et
2460 2656 2666 2719 Maria
2716 2654 2968 2738 virgine
3013 2655 3173 2720 deus
3217 2673 3409 2720 verus
3455 2661 3521 2720 et
3563 2654 3752 2719 homo
3792 2674 3855 2716 πο

143 2806 192 2846 e,
219 2755 455 2849 mor-¹333}
483 2774 677 2820 verus
735 2756 917 2821 nasci
977 2757 1280 2840 dignatus
1326 2764 1446 2823 est.
1505 2756 1530 2842 ΙΙ
1582 2758 2106 2841 quattuordecem
2158 2757 2453 2823 residuos
2497 2778 2701 2824 annos
2745 2764 2890 2843 post
2932 2757 3171 2823 domini
3216 2756 3566 2823 adventum
3612 2777 3756 2822 cor-
3790 2761 3914 2822 257

482 2858 691 2942 porali
749 2860 1119 2941 praesentia
1176 2861 1244 2926 in
1289 2881 1451 2945 pace
1497 2880 1779 2944 regnans
1825 2867 1889 2926 et
1933 2860 2074 2945 ipse
2122 2860 2520 2944 singularem
2565 2860 2856 2945 optenuit
2899 2860 3323 2946 principatum
3371 2867 3436 2926 et
3479 2860 3754 2945 posteris

482 2960 759 3026 eandem
820 2962 1075 3047 imperii
1135 2970 1517 3045 potestatem
1577 2984 1720 3029 cum
1778 2983 1894 3029 suo
1940 2965 2198 3030 nomine
2241 2964 2525 3046 Augusti
2567 2964 3028 3047 derelinquens
3071 2964 3264 3029 rebus
3310 2963 3592 3029 excessit
3632 2964 3756 3029 hu-

197 3081 308 3123 ευιι.
335 3085 373 3130 τ,
406 3085 453 3126 ιο
482 3064 712 3145 manis,
752 3064 779 3148 ΙΙ
811 3084 1245 3132 successorem
1291 3066 1661 3150 relinquens
1706 3066 2034 3132 Tiberium
2081 3067 2463 3151 prevignum
2510 3086 2720 3131 suum.
3791 3087 3851 3130 24

108 3181 462 3229 mamam
664 3168 962 3233 Tiberius
1006 3169 1339 3252 Augustus
1385 3171 1629 3236 Caesar
1672 3171 1971 3253 regnavit
2013 3191 2166 3235 ann.
2206 3188 2411 3235 xxm.
2451 3171 2477 3255 ΙΙ
2509 3169 2617 3253 qui
2664 3170 2900 3234 multos
2945 3188 3134 3253 reges
3176 3169 3263 3234 ad
3307 3189 3379 3235 se
3422 3168 3756 3235 blanditiis
3793 3174 3918 3236 258

487 3277 787 3336 evocatos
844 3292 1195 3356 numquam
1253 3272 1341 3338 ad
1399 3273 1658 3358 propria
1716 3294 1917 3358 regna
1974 3273 2254 3356 remisit,
2319 3273 2388 3338 in
2448 3273 2683 3357 quibus
2743 3279 2808 3338 et
2863 3272 3252 3337 Archelaum
3300 3272 3754 3357 Cappadocum

489 3393 669 3457 rege.
764 3374 945 3441 cuius
991 3382 1055 3441 et
1097 3397 1368 3460 regnum
1390 3429 1404 3458 ,
1464 3383 1803 3462 postquam
1849 3377 2190 3444 defunctus
2236 3383 2368 3459 est,
2434 3377 2501 3442 in
2549 3375 2945 3462 provinciam
2990 3396 3178 3442 verso
3221 3376 3551 3442 Mazacam
3597 3374 3751 3442 civi-

221 3495 335 3538 mor.
364 3498 464 3540 που
492 3483 691 3543 tatem
738 3478 878 3543 eius
923 3479 1005 3546 de
1050 3480 1306 3546 nomine
1353 3499 1470 3546 suo
1501 3482 1888 3547 Caesaream
1934 3480 2258 3546 vocitavit.
2297 3479 2322 3565 ΙΙ
2353 3479 2546 3546 huius
2590 3499 2745 3563 ergo
2788 3497 2966 3544 xvm
3011 3499 3178 3544 anno
3218 3480 3513 3545 dominus
3541 3484 3759 3544 noster

490 3580 676 3646 Iesus
722 3581 1014 3647 Christus
1062 3583 1180 3648 sub
1228 3583 1451 3650 Pontio
1495 3584 1702 3650 Pilato
1745 3584 1816 3648 in
1860 3583 2107 3649 Iudaea
2151 3604 2342 3650 carne
2386 3602 2622 3669 passus
2666 3589 2785 3665 est,
2837 3601 2968 3647 non
3011 3582 3275 3648 deitate.
3791 3603 3852 3646 ιο

109 3684 465 3782 mufffljimg
593 3762 600 3769 ,
667 3684 870 3749 Gaius
928 3686 1172 3751 Caesar
1231 3694 1648 3770 cognomento
1708 3687 2010 3768 Caligula
2058 3686 2084 3770 ΙΙ
2127 3686 2423 3769 regnavit
2479 3707 2632 3751 ann.
2682 3705 2763 3751 m
2823 3704 3079 3751 menses
3121 3704 3192 3750 x.
3253 3687 3278 3770 ΙΙ
3331 3684 3437 3750 hic
3479 3704 3758 3767 namque
3794 3690 3922 3753 259

489 3786 860 3852 Memmium
918 3788 1237 3871 Regulum
1312 3789 1559 3872 coegit,
1643 3796 1714 3855 ut
1770 3809 2037 3855 uxorem
2098 3808 2282 3854 suam
2341 3789 2467 3855 sibi
2525 3790 2665 3854 loco
2721 3788 2897 3854 filiae
2951 3789 3288 3872 coniugem
3348 3788 3535 3853 daret
3589 3793 3760 3853 stru-

489 3897 835 3973 mentaque
896 3891 1282 3957 matrimonii
1340 3898 1412 3957 ut
1468 3899 1652 3978 pater
1710 3892 2163 3959 conscriberet.
2256 3892 2420 3957 haec
2477 3899 2542 3958 et
2600 3892 2702 3957 his
2762 3892 3003 3957 similia
3045 3898 3422 3976 perpetrans
3466 3910 3587 3956 nec
3629 3910 3759 3955 non

220 4012 332 4055 aar.
359 4015 461 4058 2054
490 3999 558 4058 et
598 3993 667 4057 in
710 3995 952 4077 templo
984 3994 1549 4061 Hierosolimitano
1579 3996 1752 4062 Iovis
1798 4002 2076 4062 statuam
2122 4015 2238 4080 per
2267 3994 2504 4061 Gaium
2536 3995 2904 4061 Petronium
2950 4001 3240 4061 statuens
3260 3996 3298 4077 ¹)
3341 3993 3367 4080 ΙΙ
3399 4000 3465 4060 et
3506 3994 3573 4058 in
3601 3994 3759 4059 Ale-

217 4115 331 4159 ma.
359 4117 464 4161 πω
491 4096 767 4162 xandria
795 4096 1028 4163 Iudeos
1059 4118 1175 4183 per
1203 4099 1508 4164 Flaccum
1548 4099 1830 4165 Avilium
1876 4100 2275 4185 praefectum
2322 4118 2748 4184 oppraemens
2781 4099 2806 4182 ΙΙ
2837 4104 3161 4183 postremo
3206 4118 3248 4163 a
3290 4096 3757 4182 protectoribus

491 4199 629 4265 suis
672 4200 740 4265 in
783 4200 1024 4285 palatio
1069 4201 1308 4267 Romae
1355 4202 1607 4268 occisus
1653 4209 1753 4268 est
1795 4223 1964 4268 anno
2010 4203 2243 4268 aetatis
2290 4202 2642 4268 vicensimo
2687 4222 2880 4268 nono.
3794 4223 3859 4266 ει

197 4303 462 4408 gig-73⁰3}
664 4302 982 4370 Claudius
1040 4303 1276 4370 dehinc
1339 4304 1488 4371 huic
1545 4305 1901 4372 succedens
1949 4305 2245 4389 regnavit
2286 4326 2439 4371 ann.
2488 4323 2619 4370 xm
2662 4325 2750 4369 m.
2802 4306 3054 4388 v1m2).
3112 4303 3138 4389 ΙΙ
3193 4303 3346 4370 fecit
3402 4303 3597 4369 etiam
3651 4302 3759 4369 hic
3794 4308 3921 4371 260

666 4599 721 4646 Π
741 4599 787 4646 Ρ
816 4600 857 4646 V
881 4599 919 4646 L
958 4599 1150 4649 Paulus
1175 4605 1220 4647 et
1247 4601 1510 4662 F'rceulsus
1539 4604 1581 4663 1,
1616 4602 1664 4660 7,
1697 4602 1761 4648 15
1804 4598 1849 4660 (7
1888 4601 2064 4663 regina
2095 4626 2167 4635 —
2205 4597 2267 4650 12
2306 4601 2471 4649 soluta
2494 4599 2611 4661 est).
2650 4626 2722 4636 —
2758 4597 2889 4647 Mur.
2926 4612 2981 4660 p.
3012 4585 3139 4648 235⁵
3172 4614 3222 4648 υ.
3252 4596 3313 4648 31
3354 4601 3752 4661 utrumcunque.

670 4744 693 4794 1
735 4762 764 4794 a
797 4751 944 4808 cepta
979 4745 1134 4808 HPL,
1174 4751 1377 4809 accepta
1419 4747 1461 4794 V
1700 4760 1958 4795 remouere
1995 4746 2143 4795 HPV
2378 4747 2657 4795 anthonius
2692 4746 2746 4792 Η
2754 4746 2793 4794 V
3022 4758 3219 4794 omnem
3255 4744 3412 4806 HPV,
3454 4746 3675 4793 omnium
3711 4745 3756 4793 L

492 4829 525 4880 2
562 4829 788 4900 uintum]
823 4832 935 4895 ΗΡ,
978 4833 1207 4880 uinctum
1253 4833 1292 4881 V
1524 4829 1706 4900 classe]
1743 4831 1898 4892 HPV,
1942 4833 2116 4881 classis
2154 4831 2199 4879 L
2431 4831 2462 4881 3
2498 4828 2694 4897 regina]
2732 4831 2929 4891 nonu,
2970 4833 3174 4892 reginae
3209 4830 3370 4891 HVL,
3412 4846 3465 4880 re
3502 4833 3678 4892 signae
3710 4831 3761 4878 —P

492 4917 525 4966 4
561 4919 746 4966 intrare
771 4917 843 4965 P·
1039 4917 1071 4966 6
1107 4915 1283 4986 prope]
1313 4917 1462 4979 PVL‚
1503 4932 1682 4981 pompe
1708 4919 1763 4965 Η
1955 4913 2197 4984 primum]
2231 4918 2364 4981 prior
2389 4919 2522 4966 Flor.
2725 4913 2857 4984 occ.]
2881 4931 3100 4979 praeocc.
3134 4916 3176 4964 L
3372 4916 3639 4965 anthonius
3664 4917 3762 4964 ΗΡ

494 5002 522 5051 7
563 5003 702 5052 ducit
740 5004 785 5051 P
1024 5003 1055 5053 8
1091 5001 1413 5071 pudicitiam]
1443 5004 1558 5065 (V),
1599 5004 1853 5066 pudiciam
1889 5003 2031 5051 HPL
2274 5005 2574 5051 offerebatur
2610 5004 2789 5051 Flam
3050 5001 3082 5050 9
3120 4999 3396 5070 laborabat]
3431 5003 3676 5063 cogitabat
3713 5002 3758 5051 L

498 5089 552 5139 11
597 5093 649 5138 in
676 5087 798 5156 ren]
823 5091 877 5139 bi
901 5090 1086 5139 referto
1110 5093 1164 5138 in
1186 5091 1340 5138 litura
1376 5090 1418 5136 V
1625 5089 1684 5138 12
1722 5090 1912 5138 somnio
1936 5088 2082 5136 HPV
2277 5088 2339 5137 14
2375 5090 2507 5137 bello
2531 5089 2575 5136 L
2776 5087 2836 5138 15
2874 5085 3158 5155 occidente]
3186 5090 3236 5136 H
3244 5089 3411 5152 (2³)PV,
3449 5088 3757 5137 occendente

492 5177 536 5224 L
746 5173 978 5244 meridie]
1014 5175 1171 5236 HPV,
1212 5175 1449 5224 matidiae
1487 5176 1530 5222 L
1762 5173 1823 5224 18
1861 5171 2108 5240 trecenta]
2146 5174 2564 5236 ter(tre)centena
2599 5175 2739 5223 Hier.
2964 5188 3213 5237 omneque
3249 5175 3293 5222 L
3501 5181 3673 5223 notum
3714 5173 3759 5222 L

494 5246 571 5312 23'
596 5263 770 5311 eadem
805 5261 956 5309 HPV
1184 5260 1249 5310 24
1287 5263 1618 5325 praeuignum
1651 5261 1763 5322 ΗΡ,
1804 5262 2110 5323 pruignum
2146 5259 2222 5320 V¹,
2263 5262 2554 5324 priuignum
2590 5258 2706 5308 V²L
2944 5259 3009 5309 27
3047 5275 3212 5321 regem
3249 5262 3293 5309 L
3522 5257 3758 5328 regnum]

494 5348 681 5396 HPVL
891 5347 957 5397 30
993 5348 1226 5409 gallicula
1266 5347 1310 5394 L
1516 5348 1634 5395 hinc
1670 5347 1716 5394 P
1921 5346 1980 5396 31
2025 5348 2286 5395 mennium
2326 5347 2368 5394 L
2576 5342 2983 5413 utrumcunque]
3019 5334 3246 5409 HPVL⁶‚
3288 5353 3650 5409 sturnentaque
3683 5345 3756 5394 L‘

493 5434 560 5485 32
597 5437 912 5484 matrimonia
947 5441 1006 5483 ut
1042 5434 1205 5495 HPV,
1248 5434 1638 5482 matromonialia
1673 5438 1735 5481 ut
1771 5433 1815 5480 L
2024 5433 2186 5481 simila
2221 5433 2265 5480 L
2475 5431 2541 5481 35
2576 5429 2778 5500 aetatis]
2813 5438 2914 5481 aet.
2955 5446 3076 5481 auae
3114 5433 3158 5480 L

670 5641 714 5702 1)
759 5643 914 5690 Gaius
950 5643 1179 5690 Petronio
1214 5643 1462 5702 praefecto
1500 5641 1670 5699 Syriae
1706 5641 1978 5702 praecepit,
2020 5645 2080 5689 ut
2115 5640 2169 5687 in
2207 5639 2570 5699 Hierusolymis
2607 5644 2826 5687 statuam
2865 5654 3005 5688 suam
3043 5641 3136 5688 sub
3173 5640 3376 5689 nomine
3414 5640 3542 5687 lovis
3578 5640 3753 5702 optimi

493 5733 710 5778 maxima
746 5734 959 5790 poneret
994 5729 1344 5790 Hieronymus.

666 5815 714 5874 2)
757 5828 918 5862 mens.
959 5827 1058 5862 vm
1094 5815 1226 5862 dieb.
1270 5827 1468 5865 xxvnu
1505 5815 1854 5877 Hieronymus.

647 5914 892 5961 loannem.
3302 5914 3332 5965 5
