4882 6775
677 4193 902 4234 Editionis
930 4203 979 4232 ra
1019 4203 1044 4232 o

1054 469 1250 532 XXII
2452 466 2910 522 PROOEMIVM.

1230 691 1306 756 In
1351 690 1566 774 Vitige
1612 690 1901 755 subsistit
1956 691 2234 756 narratio
2293 710 2501 771 neque
2552 700 2963 757 recensentur
3006 710 3195 774 reges
3241 689 3591 756 Gothorum
3638 691 3746 773 qui
3790 698 4015 775 postea
4059 691 4315 759 fuerunt
4421 746 4435 758 ,

1057 811 1409 877 Ildebadus
1454 811 1798 876 Erarichus
1842 811 2086 893 Totila,
2154 832 2540 895 quamquam
2586 812 2776 896 primi
2821 819 2886 878 et
2929 813 3098 877 tertii
3143 818 3363 876 auctor
3415 812 3733 893 meminit,
3803 810 4101 894 quoniam
4147 811 4315 876 Con-

1057 930 1640 1016 stantinopolitanis
1686 932 1751 995 hi
1796 952 1923 997 non
1968 932 2093 996 visi
2139 939 2285 997 sunt
2329 932 2611 1015 legitime
2658 953 2924 1014 regnum
2972 932 3356 998 obtinuisse:
3422 932 3616 998 immo
3663 931 3901 997 diserte
3946 932 4038 996 ait
4097 938 4316 996 auctor

1057 1072 1325 1135 regnum
1373 1051 1722 1118 Gothorum
1768 1050 1834 1116 in
1879 1051 2094 1136 Vitige
2137 1051 2381 1118 finiisse
2440 1054 2515 1135 (c.
2571 1057 2669 1135 14,
2725 1056 2830 1118 81.
2883 1057 2984 1133 60,
3041 1056 3217 1131 315).

1235 1173 1546 1237 Auctores
1592 1171 1701 1236 ubi
1746 1178 2001 1254 extant,
2069 1173 2240 1237 unde
2288 1178 2546 1256 sumpta
2589 1180 2736 1239 sunt
2776 1193 2945 1255 quae
2989 1173 3290 1256 leguntur
3332 1174 3509 1258 apud
3552 1173 3926 1254 Iordanem,
3993 1173 4130 1237 sive
4173 1171 4316 1255 ipse

1057 1294 1291 1359 librum
1338 1292 1650 1378 expilavit
1699 1291 1836 1357 sive
1891 1313 2007 1377 per
2062 1292 2260 1358 alium
2283 1290 2318 1373 ,'
2362 1292 2506 1358 loca
2565 1314 2730 1376 quae
2787 1294 2914 1358 huc
2969 1294 3293 1377 pertinent
3345 1299 3415 1358 ut
3474 1314 3615 1358 cum
3674 1292 4080 1357 Iordanianis
4139 1312 4316 1356 com-

1059 1420 1444 1499 ponerentur
1502 1419 1566 1478 et
1622 1412 1714 1478 ita
1768 1412 1928 1495 quid
1986 1412 2054 1476 in
2114 1412 2389 1496 singulis
2447 1420 2559 1478 aut
2623 1412 2915 1478 additum
2982 1420 3154 1478 esset
3217 1420 3331 1478 aut
3395 1420 3710 1493 erratum,
3782 1412 3974 1478 facile
4041 1418 4308 1497 pateret,

1060 1541 1130 1599 ιιι
1172 1532 1351 1619 potui
1401 1533 1643 1598 curavi.
1739 1540 1957 1598 contra
2000 1532 2161 1597 locis
2208 1533 2530 1598 similibus
2573 1534 3059 1600 accumulandis
3114 1540 3227 1600 aut
3283 1533 3475 1598 valde
3533 1533 3725 1599 fallor
3776 1539 3890 1598 aut
3944 1534 4319 1598 obscuratur

1057 1653 1268 1737 magis
1314 1673 1504 1736 quam
1549 1651 1892 1718 adiuvatur
1934 1652 2107 1718 iusta
2150 1673 2361 1718 rerum
2404 1652 2768 1736 indagatio:
2835 1674 2916 1719 ea
2960 1654 3129 1719 enim
3174 1654 3241 1719 in
3301 1675 3376 1718 eo
3434 1654 3758 1735 consistit,
3823 1661 3892 1719 ut
3948 1653 4058 1719 ubi
4113 1653 4316 1718 habe-

1058 1793 1202 1839 mus
1247 1780 1380 1839 tam
1426 1772 1779 1857 expilatum
1824 1773 2058 1838 librum
2105 1793 2295 1855 quam
2342 1772 2758 1857 expilantem,
2812 1774 3097 1859 expilata
3127 1781 3594 1854 semoveantur,
3646 1793 3814 1855 quae
3858 1780 4102 1849 restant
4145 1775 4319 1838 com-

1060 1900 1365 1978 parentur
1409 1899 1474 1958 et
1517 1892 1970 1977 ponderentur.
2067 1893 2183 1959 sed
2227 1901 2440 1958 tamen
2485 1894 2676 1978 plene
2722 1894 2789 1958 id
2832 1894 3051 1978 perfici
3095 1914 3222 1959 non
3265 1893 3474 1979 potuit
3514 1900 3855 1979 propterea
3898 1894 4070 1976 quod
4123 1913 4317 1978 saepe

1061 2012 1444 2079 dubitationi
1504 2013 1681 2078 locus
1741 2018 1871 2095 est,
1940 2033 2129 2095 quam
2192 2014 2504 2079 editorem
2564 2034 2691 2079 non
2749 2020 2878 2078 tam
2933 2013 3015 2079 de
3058 2014 3308 2099 tripode
3353 2014 3651 2080 decidere
3695 2020 3941 2096 oportet
3983 2034 4173 2095 quam
4221 2014 4319 2078 le-

1061 2133 1277 2217 gentis
1329 2132 1568 2198 iudicio
1629 2133 1952 2198 subicere:
2023 2133 2216 2198 etiam
2274 2134 2536 2217 saepius
2596 2133 2722 2200 duo
2782 2141 3075 2200 auctores
3136 2154 3278 2199 cum
3338 2135 3613 2200 eundem
3665 2135 3899 2199 librum
3945 2133 4311 2218 expilarint,

1060 2253 1530 2338 quodammodo
1575 2252 1857 2319 medium
1903 2253 2111 2318 locum
2161 2259 2384 2319 tenent
2425 2254 2593 2319 inter
2635 2261 2835 2320 testes
2894 2274 3034 2336 eos,
3106 2275 3373 2336 quorum
3433 2255 3597 2320 alter
3651 2254 3733 2319 ab
3793 2255 3996 2319 altero
4053 2253 4312 2339 pendet,

1062 2380 1128 2438 et
1170 2393 1313 2454 eos,
1377 2373 1489 2456 qui
1531 2372 1697 2438 inter
1741 2392 1812 2438 se
1858 2373 2366 2439 communionem
2413 2375 2659 2439 nullam
2704 2375 2832 2439 nisi
2876 2374 3027 2439 facti
3070 2375 3278 2459 ipsius
3322 2375 3585 2440 habent.
3678 2375 3840 2440 haec
3884 2374 3992 2439 ubi
4036 2374 4129 2438 ita
4172 2394 4317 2440 esse

1061 2493 1220 2559 mihi
1278 2493 1422 2558 visa
1480 2500 1628 2558 sunt
1687 2500 1802 2558 aut
1859 2493 1971 2558 ubi
2030 2514 2145 2578 per
2203 2494 2646 2579 exceptionem
2708 2495 2947 2560 similia
3003 2495 3333 2561 afferenda
3377 2502 3577 2575 erant,
3644 2494 3714 2559 id
3757 2494 3928 2576 quod
3973 2513 4117 2559 raro
4164 2514 4316 2560 eve-

1061 2615 1191 2697 nit,
1258 2613 1535 2680 auctoris
1593 2613 1835 2679 nomini
1894 2620 2107 2678 notam
2166 2614 2470 2698 praemisi
2531 2614 2654 2680 loci
2709 2615 3079 2681 conferendi
3134 2614 3261 2698 (cf.)
3281 2666 3295 2679 .
3363 2653 3445 2662 —
3520 2613 3771 2680 Deinde
3828 2614 3898 2679 in
3954 2615 4319 2680 auctoribus

1061 2734 1427 2801 indicandis
1483 2734 1550 2799 in
1611 2734 1860 2799 duobus
1918 2733 2162 2799 libellis
2221 2733 2543 2800 diversam
2600 2735 2770 2800 viam
2828 2736 3025 2800 tenui.
3121 2756 3269 2801 nam
3328 2736 3600 2801 Romani
3657 2735 3867 2800 libelli
3912 2741 4205 2800 auctores
4250 2743 4320 2802 ut

1063 2857 1439 2942 plerumque
1486 2853 1790 2920 facillime
1835 2860 1899 2919 et
1942 2855 2298 2920 certissime
2342 2856 2618 2922 indicari
2661 2861 2960 2940 possunt,
3026 2862 3364 2940 praeterea
3406 2875 3519 2941 pro
3565 2855 3802 2939 exigua
3846 2854 3994 2919 libri
4038 2853 4316 2921 utilitate

1063 2977 1147 3042 ab
1207 2994 1480 3060 operosa
1538 2974 1876 3058 diligentia
1932 2974 2288 3041 cavendum
2348 2976 2498 3057 fuit,
2563 2976 2656 3041 ita
2713 2976 2779 3040 in
2826 2975 3106 3058 Geticis,
3171 2995 3336 3059 quae
3399 2975 3551 3041 licet
3605 2976 3752 3059 ipsa
3813 2973 4020 3067 infimi,
4060 2974 4320 3055 ordinis,

1066 3094 1500 3183 pulcherrima
1562 3094 1882 3177 quaedam
1938 3102 2003 3162 et
2059 3097 2290 3162 summi
2345 3097 2650 3162 momenti
2705 3094 2920 3180 capita
2976 3096 3115 3161 sola
3160 3102 3528 3175 servarunt,
3596 3102 3923 3160 auctorum
3969 3094 4330 3179 disquisitio
4378 3087 4386 3094 ’

1075 3215 1458 3281 difficillima
1503 3222 1602 3281 est
1644 3221 1710 3280 et
1753 3234 1947 3300 saepe
1993 3217 2325 3302 perplexa.
2417 3215 2566 3282 ideo
2612 3216 2677 3281 in
2724 3216 3026 3281 Romanis
3072 3216 3448 3301 plerumque
3496 3217 3653 3282 satis
3697 3216 3895 3281 habui
3940 3214 4027 3280 ad
4072 3214 4328 3299 singula

1066 3337 1280 3422 capita
1335 3343 1658 3403 auctorem
1716 3335 1898 3402 cuius
1955 3343 2131 3403 esset
2170 3337 2239 3401 in
2283 3335 2575 3420 margine
2621 3336 2890 3403 laudare
2961 3336 3137 3415 (locis
3183 3336 3455 3422 sumptis
3500 3337 3583 3403 ab
3629 3344 3888 3404 auctore
3934 3341 4047 3401 aut
4091 3335 4324 3421 deper-

1067 3458 1199 3524 dito
1265 3463 1376 3523 aut
1441 3457 1681 3523 incerto
1749 3457 1992 3523 IGNoti
2059 3464 2272 3523 notam
2339 3457 2674 3543 adscripsi)
2750 3478 2870 3523 nec
2933 3457 3060 3522 nisi
3129 3478 3246 3541 per
3311 3458 3747 3543 exceptionem
3769 3510 3783 3539 ,
3859 3457 3948 3522 ibi
4016 3456 4150 3522 fere
4216 3457 4329 3520 ubi

1068 3577 1326 3662 longius
1369 3578 1452 3643 ab
1498 3585 1757 3644 auctore
1804 3577 2114 3643 Iordanes
2161 3577 2605 3659 discessisset,
2673 3578 2851 3643 illius
2896 3579 3095 3644 verba
3139 3578 3519 3663 subscripsi:
3587 3577 3653 3642 in
3700 3577 3944 3643 Geticis
4001 3584 4215 3642 autem
4261 3583 4328 3642 et

934 3781 949 3790 ,
1068 3718 1486 3783 quaecunque
1547 3699 1689 3764 loca
1748 3697 2228 3781 compilatorem
2286 3698 2433 3782 ipsa
2493 3697 2871 3764 adhibuisse
2915 3697 3266 3764 iudicarem
3314 3704 3378 3763 et
3424 3718 3504 3763 ex
3549 3698 3852 3763 affinibus
3896 3717 4176 3781 quoque,
4247 3696 4328 3761 de

1067 3819 1301 3902 quibus
1362 3818 1551 3882 modo
1612 3817 1781 3899 dixi,
1847 3817 2130 3901 potiora,
2196 3817 2461 3883 totidem
2522 3818 2734 3910 verbis
2792 3818 2860 3882 in
2910 3818 3211 3884 inferiore
3255 3818 3546 3902 margine
3591 3817 3824 3883 adieci.
3916 3820 4009 3883 ita
4051 3837 4217 3902 quae
4261 3817 4328 3881 in

1070 3937 1313 4004 Geticis
1360 3937 1651 4021 quaestio
1697 3943 1797 4002 est
1840 3938 2259 4020 gravissima,
2326 3945 2396 4002 ut
2457 3938 3019 4024 deprehendantur
3062 3940 3145 4005 ab
3191 3945 3448 4006 auctore
3493 3946 3753 4023 propter
3797 3938 4010 4004 studia
4056 3937 4329 4003 Gothica

1068 4066 1310 4124 temere
1356 4064 1421 4122 et
1465 4056 1902 4123 fraudulenter
1944 4058 2351 4143 interpolata,
2403 4058 2533 4122 iam
2578 4059 2845 4124 habebit
2888 4064 3180 4142 paratum
3226 4065 3291 4124 et
3333 4065 3575 4124 certum
3621 4058 4127 4124 fundamentum.

1244 4176 1574 4242 Editorum
1606 4176 1899 4243 Iordanis
1943 4178 2190 4242 nullum
2235 4198 2445 4262 neque
2489 4179 2555 4243 in
2600 4185 2913 4263 apparatu
2957 4199 3165 4262 neque
3208 4179 3276 4243 in
3318 4178 3731 4244 adnotatione
3774 4178 3960 4243 iustis
3991 4178 4330 4244 desideriis

1073 4299 1233 4364 satis
1294 4297 1527 4363 fecisse
1582 4297 1749 4363 inter
1807 4297 1979 4363 viros
2040 4297 2259 4364 doctos
2319 4299 2646 4380 convenit,
2709 4319 3102 4382 quamquam
3155 4305 3514 4384 postremus
3575 4298 3863 4364 Clossius
3920 4297 4330 4365 mediocriter

1074 4419 1368 4502 quidem,
1445 4417 1560 4483 sed
1618 4437 1743 4483 non
1799 4417 2112 4484 inutiliter
2164 4419 2230 4483 in
2289 4425 2562 4501 utraque
2625 4438 2694 4483 re
2750 4420 3127 4485 elaboravit.
3223 4438 3380 4484 sane
3441 4419 3786 4484 dolendum
3848 4426 3946 4484 est
4001 4426 4328 4484 auctorem

1074 4540 1457 4626 pessimum,
1515 4539 1631 4604 sed
1677 4546 1747 4604 ut
1788 4559 1892 4604 res
1939 4559 2008 4603 se
2055 4538 2251 4604 habet
2293 4540 2760 4621 necessarium,
2812 4541 2903 4605 ita
2948 4549 3162 4606 autem
3207 4546 3676 4625 comparatum,
3735 4546 3806 4604 ut
3849 4541 4047 4604 multo
4093 4540 4318 4622 magiS,

1076 4681 1268 4742 quam
1316 4659 1383 4724 in
1428 4659 1576 4724 aliis
1620 4659 1987 4724 auctoribus
2032 4677 2152 4723 usu
2198 4660 2407 4742 venit,
2476 4660 2718 4726 utilitas
2764 4661 2904 4725 eius
2949 4660 3232 4745 pendeat
3274 4683 3315 4725 a
3359 4668 3533 4726 recta
3578 4660 4010 4743 recognitione
4056 4667 4121 4725 et
4162 4660 4330 4724 iusto

1075 4786 1428 4865 apparatu,
1497 4800 1612 4864 per
1656 4785 1748 4846 tot
1791 4799 1993 4845 annos
2038 4780 2318 4845 iacuisse
2363 4781 2832 4864 multorumque
2879 4780 3283 4864 egregiorum
3329 4780 3605 4844 virorum
3651 4781 3979 4845 laboribus
4026 4780 4331 4845 damnum

1075 4921 1199 4965 non
1259 4901 1563 4984 exiguum
1622 4920 1704 4965 ex
1767 4921 1992 4984 parum
2051 4907 2200 4984 apto
2258 4906 2321 4965 et
2380 4899 2651 4966 subinde
2712 4901 2934 4966 fallaci
2997 4901 3411 4966 instrumento
3456 4900 3705 4966 illatum
3752 4919 3920 4966 esse.
4015 4904 4122 4964 mit
4165 4903 4335 4962 mehr

1076 5024 1171 5085 als
1211 5023 1547 5104 U‘nyeduld,
1601 5024 1709 5084 mit
1752 5025 1920 5084 einer
1951 5022 2067 5085 Art
2108 5043 2221 5084 von
2268 5025 2709 5106 Verzweisluny
2753 5032 2996 5084 wa-rten
3043 5025 3167 5085 we'r
3211 5026 3320 5084 seit
3366 5026 3725 5106 weuiysl‘ens
3773 5026 4064 5104 zwanze'y
4105 5023 4332 5084 Jalzren
4453 5074 4464 5077 -

1075 5145 1196 5223 auf
1231 5143 1326 5203 die
1370 5162 1521 5204 neue
1567 5141 1845 5225 Ausyabe
1890 5144 1994 5204 des
2040 5145 2329 5205 Iordanis
2354 5139 2402 5203 .·”
2433 5142 2632 5206 verba
2692 5147 2840 5206 sunt
2882 5141 3144 5206 Waitzii
3203 5162 3345 5206 cum
3392 5140 3473 5206 de
3520 5141 3859 5206 Clossiana
3900 5141 4334 5223 recognitione

1073 5261 1388 5326 iudicium
1449 5261 1595 5327 tulit
1652 5268 1800 5326 ante
1863 5281 2064 5326 annos
2125 5268 2189 5326 et
2245 5261 2425 5345 ipsos
2489 5260 2911 5345 undeviginti.
3006 5262 3134 5326 iam
3196 5282 3335 5326 cum
3391 5261 3546 5325 mihi
3595 5261 3730 5325 sive
3778 5261 4154 5343 contigisset
4197 5262 4335 5328 sive

1075 5380 1447 5464 accidisset,
1514 5388 1584 5446 ut
1626 5381 1911 5447 laborem
1957 5387 2107 5446 ante
2152 5382 2385 5446 multos
2430 5401 2632 5446 annos
2677 5381 2926 5467 privato
2972 5382 3236 5447 consilio
3281 5381 3683 5461 incohatum,
3743 5380 3859 5446 sed
3905 5382 4334 5446 intermissum

1077 5508 1141 5566 et
1196 5499 1663 5584 quodammodo
1723 5501 2040 5566 abiectum
2097 5500 2164 5564 in
2224 5521 2326 5566 me
2378 5501 2729 5585 reciperem
2777 5502 3101 5567 societatis
3146 5508 3694 5566 monumentorum
3740 5500 4087 5585 patriorum
4134 5502 4336 5567 eden-

1079 5621 1302 5687 dorum
1345 5621 1604 5706 publico
1649 5620 1916 5686 consilio
1962 5621 2443 5704 obtemperans,
2511 5621 2610 5686 his
2656 5621 3085 5704 quadraginta
3128 5622 3351 5702 anniS,
3419 5642 3533 5705 per
3592 5640 3753 5703 quos
3800 5621 4185 5687 Iordaniana
4228 5623 4337 5705 qui

1079 5748 1432 5826 exposcunt
1473 5742 1543 5806 in
1591 5742 1848 5808 deserto
1894 5751 2219 5822 errarunt,
2287 5747 2595 5823 quantum
2643 5741 2781 5806 fieri
2825 5748 3075 5827 poterat
3117 5740 3490 5826 paucissimi
3535 5749 3606 5806 ut
3649 5741 4032 5807 accederent
4076 5743 4329 5807 curavi:
