4882 6775
1956 434 2429 491 PROOEMIVM.
3119 488 3132 499 .
3706 433 3826 496 XV

566 656 1039 739 expeditionem
1086 658 1422 723 Iustiniani
1468 659 1821 744 Hispanam
1842 664 1941 742 ³¹).
2038 667 2257 725 contra
2315 659 2500 724 nulla
2551 658 2787 723 mentio
2831 659 2902 723 fit
2945 679 3159 723 rerum
3205 662 3431 742 postea
3479 662 3827 739 gestarum,

566 776 863 841 Narsetis
922 777 988 842 in
1046 778 1299 844 Italiam
1360 779 1540 844 missi
1602 800 1823 846 mense
1879 780 2085 865 Aprili
2144 801 2205 844 a.
2261 785 2424 861 551,
2491 780 2745 845 Totilae
2807 779 3043 844 devicti
3104 799 3166 844 a.
3220 781 3368 841 552.
3469 777 3835 843 memineris

567 903 783 962 autem
845 905 1167 963 auctorem
1230 899 1565 984 scripsisse
1623 899 1692 964 in
1736 901 2049 982 Thracia,
2116 900 2334 982 itaque
2391 899 2569 985 prius
2626 920 2836 965 rerum
2896 897 3447 982 Constantinopoli
3505 902 3831 979 gestarum

569 1015 860 1083 notitiam
905 1019 1235 1103 accepisse
1281 1040 1471 1102 quam
1517 1020 1883 1086 Italicarum
1930 1028 1994 1087 et
2037 1020 2245 1103 magis
2290 1021 2440 1085 illas
2487 1039 2770 1086 curasse.
2836 1058 2922 1066 —
2982 1020 3210 1086 Getica
3271 1026 3493 1084 auctor
3535 1018 3600 1083 in
3645 1038 3836 1102 prae-

566 1136 809 1203 fatione
868 1138 962 1204 ait
1019 1158 1089 1203 se
1148 1146 1292 1223 post
1345 1149 1572 1227 coepta
1616 1143 1906 1207 Romana
1950 1141 2353 1223 elaborasse,
2423 1141 2658 1207 deinde
2702 1142 2992 1207 Romana
3037 1140 3483 1224 resumpsisse.
3580 1138 3832 1220 utrique

568 1257 791 1323 libello
851 1258 1077 1324 eodem
1141 1259 1276 1325 fere
1333 1268 1618 1346 tempore
1676 1262 1866 1327 finem
1925 1260 2295 1345 impositum
2354 1280 2501 1327 esse
2558 1261 2842 1327 narratio
2902 1262 3263 1327 confirmat:
3331 1280 3479 1325 nam
3528 1259 3831 1324 Germani

570 1385 833 1444 mortem
880 1386 946 1445 et
988 1380 1189 1444 filium
1235 1388 1454 1447 natum
1500 1382 1566 1447 in
1613 1381 1861 1447 Geticis
1903 1402 2157 1465 quoque
2203 1387 2655 1448 commemorat
2708 1384 2786 1464 (c.
2846 1387 2940 1461 14,
2998 1384 3102 1445 81.
3155 1384 3260 1461 48,
3315 1383 3460 1444 252.
3517 1384 3618 1459 60,
3675 1381 3820 1462 314)

564 1519 685 1565 nec
745 1498 1089 1583 quicquam
1148 1501 1214 1566 in
1259 1502 1565 1567 Romanis
1626 1502 1822 1568 refert
1876 1503 2047 1586 quod
2105 1508 2331 1586 postea
2386 1502 2714 1568 acciderit.
2808 1508 3144 1586 praeterea
3188 1507 3470 1585 pestem,
3537 1499 3718 1565 cuius
3761 1500 3828 1564 in

564 1619 808 1685 Geticis
848 1600 923 1684 c.
960 1625 1058 1703 19,
1119 1626 1235 1685 104
1285 1622 1601 1703 meminit,
1674 1643 1872 1707 supra
1915 1645 1978 1708 p.
2030 1623 2161 1687 XII
2206 1622 2485 1688 vidimus
2528 1642 2670 1687 eam
2717 1642 2861 1688 esse
2906 1642 3074 1704 quae
3119 1643 3183 1686 a.
3236 1624 3359 1685 542
3406 1619 3719 1685 Thracias
3765 1625 3830 1684 et

561 1739 926 1824 Illyricum,
991 1748 1297 1823 sequente
1342 1742 1597 1807 Italiam
1645 1743 2041 1825 devastavit,
2108 1743 2175 1809 id
2236 1743 2407 1827 quod
2465 1750 2529 1808 et
2582 1743 2796 1827 ipsum
2857 1742 3034 1808 ducit
3091 1742 3177 1807 ad
3236 1764 3300 1807 a.
3352 1746 3501 1805 551.
3596 1739 3824 1805 eodem

564 1860 760 1941 igitur
803 1879 969 1927 anno
1017 1862 1291 1946 primum
1339 1862 1598 1945 Getica,
1666 1884 1812 1929 mox
1859 1866 2147 1928 Romana
2191 1862 2500 1929 Iordanes
2547 1863 2778 1929 edidit:
2843 1884 2991 1928 nam
3038 1861 3208 1946 quod
3250 1862 3319 1927 in
3364 1862 3588 1926 horum
3635 1880 3826 1944 prae-

563 1978 803 2046 fatione
848 1982 965 2046 illa
1011 2001 1080 2048 se
1125 1982 1217 2050 ait
1268 1982 1430 2047 ‘iam
1476 1982 1742 2049 dudum’
1792 1982 2111 2065 edidisse,
2163 1983 2575 2049 intervallum
2619 1984 2863 2066 aliquot
2905 1982 3223 2048 mensium
3268 2003 3309 2048 a
3352 1981 3468 2047 tali
3514 1980 3824 2064 scriptore

564 2101 818 2166 omnino
860 2102 953 2168 ita
999 2102 1349 2187 significari
1393 2104 1619 2188 potuit.

734 2222 1018 2288 Duorum
1064 2223 1462 2305 libellorum,
1532 2244 1690 2307 quos
1736 2224 2043 2289 Iordanes
2088 2224 2482 2305 elaboravit,
2533 2226 2887 2289 Romanum
2933 2230 3005 2289 ut
3046 2230 3331 2306 tempore
3375 2223 3813 2308 posteriorem,

557 2341 653 2407 ita
696 2342 921 2408 ordine
964 2344 1239 2429 priorem
1286 2364 1429 2409 esse
1476 2364 1546 2410 se
1592 2345 1761 2410 velle
1802 2345 1869 2410 in
1916 2344 2312 2429 praefatione
2358 2345 2483 2426 ait,
2553 2363 2825 2426 eumque
2884 2343 3170 2409 ordinem
3216 2343 3366 2408 libri
3411 2363 3662 2426 quoque
3707 2343 3816 2427 qui

560 2461 820 2544 quidem
867 2469 1204 2547 utrumque
1248 2465 1533 2532 habeant
1575 2466 1871 2531 retinent.
1964 2465 2239 2551 priorem
2284 2465 2616 2550 inscripsit
2680 2463 2799 2528 ‘de
2845 2483 3096 2528 summa
3137 2470 3492 2549 temporum
3537 2466 3643 2530 vel
3688 2465 3816 2530 ori·

566 2581 753 2665 ‘gine
811 2584 1188 2666 actibusque
1246 2586 1460 2669 gentis
1520 2587 1998 2667 Romanorum',
2074 2587 2128 2652 si
2187 2586 2446 2670 quidem
2506 2585 2832 2669 sequimur
2889 2584 3092 2650 libros
3153 2584 3426 2669 optimos
3483 2605 3800 2668 quosque:

557 2703 729 2787 quod
772 2703 840 2768 in
883 2704 1087 2789 ipsius
1134 2705 1282 2771 libri
1326 2706 1588 2773 exordio
1634 2728 1689 2773 c.
1744 2712 1782 2771 6
1846 2706 1963 2773 ‘de
2009 2725 2197 2773 cursu
2242 2708 2628 2791 temporum‘
2689 2706 2782 2771 ait
2840 2724 2909 2771 se
2969 2704 3355 2790 scripturum
3412 2725 3587 2787 esse,
3657 2705 3810 2772 item

542 2843 599 2889 c.
652 2827 733 2889 86
777 2830 1105 2909 tamquam
1151 2828 1354 2892 altero
1400 2826 1664 2893 exordio
1710 2826 1879 2893 facto
1923 2828 2154 2893 transit
2197 2826 2283 2892 ad
2334 2828 2801 2893 ‘Romanarum
2847 2846 3057 2892 rerum
3107 2825 3393 2892 ordinem
3439 2830 3800 2910 actusque’‚

537 2945 1021 3031 inscriptionem
1070 2948 1422 3014 confirmat.
1514 2947 1581 3013 in
1632 2947 2032 3034 praefatione
2090 2949 2376 3015 scribens
2437 2947 2763 3033 explicare
2823 2965 2893 3011 se
2952 2947 3124 3011 velle
3193 2945 3485 3029 ‘quando
3530 2948 3807 3015 mundus

548 3066 791 3151 ‘coepit
837 3069 941 3133 vel
988 3068 1146 3152 quid
1188 3068 1275 3134 ad
1318 3088 1437 3134 nos
1480 3088 1684 3153 usque
1728 3088 2077 3155 perpessus
2123 3072 2272 3151 est',
2324 3069 2478 3134 item
2525 3067 2591 3132 in
2636 3066 3039 3153 praefatione
3087 3067 3355 3133 alterius
3400 3066 3608 3133 libelli
3637 3069 3807 3135 hunc

539 3186 743 3252 citans
806 3188 924 3253 sub
988 3188 1197 3256 indice
1265 3189 1385 3255 ‘de
1443 3189 1924 3257 abbreviatione
1984 3188 2421 3256 chronicorum
2439 3192 2475 3271 ’,
2551 3194 2818 3271 utroque
2884 3188 3024 3254 loco
3083 3194 3531 3271 argumentum
3591 3189 3802 3273 magis

531 3328 723 3392 quam
785 3308 1041 3375 titulum
1087 3310 1464 3375 enuntiavit.
1561 3330 1604 3374 a
1661 3309 1940 3375 librariis
2001 3309 2435 3376 editoribusve
2492 3310 2757 3375 veniunt
2815 3309 3064 3374 indices
3129 3308 3429 3374 ‘historia
3471 3310 3800 3376 Romanae

538 3429 669 3494 ‘rei
715 3430 1070 3515 publicae',
1130 3431 1299 3514 quod
1346 3432 1778 3517 subscriptum
1825 3438 1924 3497 est
1966 3431 2033 3497 in
2079 3431 2259 3497 libris
2303 3431 2705 3517 interpolatis
2761 3432 2877 3515 (L),
2930 3419 2996 3495 et
3037 3430 3147 3513 qui
3192 3431 3386 3513 vulgo
3432 3429 3632 3496 fertur
3685 3432 3798 3498 ‘de

539 3554 915 3633 ‘regnorum
964 3559 1028 3616 et
1071 3560 1425 3638 temporum
1474 3553 1908 3618 successione’
1955 3572 1995 3617 a
2040 3552 2224 3618 libris
2272 3551 2528 3637 scriptis
2572 3551 2849 3616 alienus.
2901 3588 2985 3597 —
3033 3549 3459 3615 Posteriorem
3505 3537 3795 3616 libellum

529 3669 616 3734 ad
661 3672 1028 3755 exemplum
1075 3672 1553 3739 Cassiodoriani
1609 3673 1771 3755 (Get.
1824 3673 2032 3758 praef.
2092 3675 2184 3756 1),
2254 3672 2434 3737 cuius
2496 3672 2772 3756 epitome
2818 3678 2952 3753 est,
3019 3678 3241 3736 auctor
3283 3670 3612 3756 inscripsit
3676 3672 3792 3739 ‘de

540 3792 817 3874 ‘origine
874 3792 1252 3876 actibusque
1313 3793 1679 3858 Getarum‘:
1755 3813 1948 3876 quem
2015 3792 2291 3859 indicem
2351 3800 2417 3859 et
2471 3791 2621 3857 libri
2681 3792 2904 3877 optimi
2970 3792 3206 3875 quique
3280 3793 3521 3876 (IIPVL)
3601 3814 3792 3877 prae-

530 3911 833 3996 scriptum
877 3912 1122 3978 habent
1165 3921 1229 3978 et
1272 3913 1414 3997 ipse
1457 3921 1680 3980 auctor
1724 3914 1986 3999 respicit
2036 3917 2116 3995 (1,
2172 3916 2247 3977 9:
2306 3918 2504 3996 ‘gens
2548 3911 2732 3977 cuius
2777 3912 3088 3996 originem
3135 3911 3419 3997 flagitas'
3469 3919 3533 3978 et
3577 3933 3634 3978 c.
3678 3919 3779 3996 47,

537 4035 692 4096 245;
758 4037 1042 4099 ‘omnem
1090 4033 1442 4099 Gothorum
1490 4040 1785 4100 texamus
1830 4035 2172 4119 originem'
2222 4040 2287 4099 et
2328 4034 2395 4098 in
2438 4033 2597 4098 fine:
2676 4033 2836 4099 ‘huc
2881 4052 3084 4116 usque
3132 4033 3440 4098 Getarum
3488 4033 3667 4116 origo
3713 4055 3791 4100 ac

538 4154 942 4219 ‘Amalorum
988 4154 1290 4219 nobilitas
1338 4161 1403 4220 et
1446 4155 1722 4221 virorum
1769 4156 2027 4222 fortium
2073 4155 2323 4238 facta’ja.
2418 4160 2755 4239 praeterea
2785 4154 2959 4237 quod
2990 4152 3396 4219 subscribunt
3426 4154 3572 4219 libri
3600 4155 3790 4219 trium

532 4273 821 4339 ordinum
869 4274 1089 4359 optimi
1133 4275 1371 4358 quique
1426 4279 1601 4359 (PVO
1646 4277 1848 4358 Atr.):
1922 4275 2224 4359 ‘explicit
2279 4275 2361 4341 de
2406 4275 2786 4357 antiquitate
2832 4274 3142 4339 Getarum
3188 4282 3498 4358 actusque
3543 4296 3780 4356 eorum,

538 4396 732 4477 ‘quos
777 4393 1013 4460 devicit
1057 4396 1450 4462 Iustinianus
1495 4397 1652 4481 imp.
1704 4417 1819 4482 per
1862 4395 2118 4461 fidelem
2165 4396 2256 4461 rei
2301 4395 2599 4480 publicae
2645 4395 3045 4461 Belesarium
3093 4414 3266 4459 cons.
3290 4397 3326 4476 '‚
3385 4394 3538 4460 item
3583 4394 3790 4480 ipsius

530 4515 807 4580 auctoris
852 4534 996 4581 esse
1041 4517 1372 4601 probabile
1419 4523 1546 4582 est:
1603 4523 1793 4583 certe-
1819 4537 2066 4583 summo
2112 4516 2324 4582 studio
2364 4515 2664 4581 Belisarii
2711 4536 2852 4581 cum
2899 4514 3234 4581 Iordanem
3281 4514 3593 4597 flagrasse
3639 4536 3789 4579 con-

533 4641 691 4716 stet,
757 4636 879 4701 hoc
934 4636 1020 4701 ad
1079 4636 1376 4702 librarios
1435 4658 1579 4704 eum
1637 4637 2100 4723 propagavisse
2159 4637 2358 4702 multo
2411 4636 2622 4702 minus
2667 4637 3000 4721 probabile
3045 4643 3145 4701 est
3186 4656 3380 4719 quam
3424 4635 3635 4720 ipsum
3681 4637 3785 4701 vel

528 4755 594 4820 in
639 4755 847 4823 libelli
891 4757 1356 4842 subscriptione
1399 4757 1761 4843 professum
1808 4777 1975 4823 esse.

701 5069 785 5132 31)
826 5072 1150 5134 Athanagildi
1186 5073 1425 5120 adversus
1460 5086 1626 5132 regem
1659 5071 2058 5132 Vesegotharum
2084 5072 2279 5132 Agilam
2316 5071 2602 5120 rebellionis
2640 5075 2694 5118 et
2727 5071 2926 5132 patricii
2956 5071 3144 5118 Liberii
3182 5071 3242 5118 ad
3279 5071 3414 5119 hunc
3448 5072 3786 5120 adiuvandum

527 5158 869 5220 expeditionis
917 5166 1139 5221 tempora
1186 5161 1345 5219 magis
1390 5160 1508 5208 inde
1555 5159 1899 5220 definiuntur,
1953 5159 2084 5219 quod
2121 5159 2356 5206 Iordanes
2403 5159 2627 5206 scribens
2662 5172 2709 5206 a.
2751 5155 2845 5205 551
2898 5170 3072 5204 earum
3115 5158 3349 5205 meminit
3394 5158 3468 5216 (G.
3512 5157 3595 5219 58,
3639 5158 3781 5218 303),

527 5259 679 5306 quam
728 5245 854 5292 editi
902 5245 1063 5293 libelli
1114 5251 1335 5308 tempora
1382 5260 1446 5294 ex
1493 5246 1677 5293 notitia
1724 5258 1893 5292 earum
1940 5258 2107 5293 rerum
2142 5244 2345 5292 aliunde
2383 5244 2721 5306 suppeditata.
2797 5244 3023 5292 Isidorus
3062 5244 3180 5294 hist.
3220 5243 3371 5293 Goth.
3412 5244 3473 5291 ad
3512 5258 3646 5292 eram
3683 5243 3781 5292 587

531 5332 745 5394 (seilicet
778 5333 832 5378 in
868 5332 1156 5380 recensione
1192 5333 1415 5394 meliore)
1454 5331 1849 5392 Athanagildum
1885 5332 2202 5390 tyrannidem
2236 5331 2512 5391 arripuisse
2546 5333 2618 5378 ait
2654 5345 2784 5378 anno
2821 5331 2969 5378 tertio
3006 5332 3138 5391 regis
3177 5331 3380 5390 Agilae,
3432 5330 3483 5378 id
3531 5336 3611 5378 est
3653 5345 3783 5380 anno

528 5416 659 5480 5513
700 5417 1039 5466 additamenta
1076 5419 1134 5465 ad
1174 5418 1425 5467 Victorem
1463 5419 1859 5466 Tunnunensem
1904 5419 1971 5478 (p.
2001 5415 2099 5465 372
2127 5418 2299 5478 Ronc.)
2343 5417 2402 5464 ad
2432 5433 2479 5466 a.
2510 5416 2610 5466 552
2635 5418 2951 5465 adscribunt:
3002 5417 3176 5477 ‘Agila
3201 5422 3392 5464 mortuo
3416 5417 3781 5477 Athanagildus

533 5505 650 5566 ‘qui
696 5504 888 5552 dudum
935 5505 1250 5563 tyrannidem
1299 5505 1641 5566 adsumpserat
1676 5503 1947 5552 Gothorum
1997 5517 2083 5551 rex
2134 5505 2390 5552 efficitur'.
2466 5505 2698 5551 Iordanes
2747 5517 2913 5552 rerum
2950 5505 3288 5565 Hispanarum
3324 5508 3536 5550 eatenus
3570 5516 3774 5564 gnarus„

529 5597 781 5654 quatenus
817 5605 904 5639 eae
941 5606 1056 5639 cum
1093 5592 1242 5639 rebus
1268 5592 1491 5640 Orientis
1526 5593 1823 5639 coniunctae
1860 5596 2019 5652 erant,
2061 5604 2175 5637 cum
2213 5591 2458 5649 significet
2496 5604 2626 5639 anno
2653 5589 2744 5638 551
2790 5598 3021 5637 currente
3048 5589 3385 5636 Iustinianum
3422 5590 3475 5635 in
3511 5602 3570 5636 eo
3601 5590 3777 5649 fuisse,

530 5683 591 5726 ut
625 5679 902 5727 exercitum
940 5678 992 5726 in
1020 5678 1315 5739 Hispaniam
1352 5680 1577 5726 mitteret
1616 5679 1747 5740 (nam
1786 5678 1994 5724 missum
2031 5692 2143 5726 esse
2180 5682 2329 5735 negat
2364 5690 2490 5724 usus
2528 5678 2764 5724 vocabulo
2806 5675 3181 5735 ‘destinatus’),
3223 5674 3478 5735 probabile
3515 5681 3592 5722 est
3617 5674 3779 5723 Atha·

528 5765 786 5828 nagildum
824 5780 867 5815 a.
911 5765 1010 5814 550
1047 5781 1074 5813 a
1111 5778 1226 5826 rege
1263 5765 1486 5828 legitimo
1520 5764 1781 5812 defecisse.
1820 5790 1892 5799 —
1928 5763 2003 5812 De
2045 5764 2242 5811 Liberio
2278 5763 2393 5811 vide
2429 5763 2642 5809 indicem
2679 5777 2721 5812 s.
2762 5778 2809 5810 v.

3847 2220 4171 2273 Inscriptiones

3848 2272 4098 2315 libellorum
