4882 6775
1150 483 1271 543 106
2594 475 2955 532 IORDANIS

849 668 1102 732 XXXV
1146 688 1340 733 unam
1386 669 1682 733 boculam
1730 667 2129 752 conspiceret
2171 666 2640 732 claudicantem
2686 686 2804 731 nec
2848 685 3109 731 causam
3153 665 3316 731 tanti
3360 665 3645 730 vulneris
3689 665 4026 746 inveniret,
4086 663 4402 729 sollicitus

1143 771 1422 854 vestigia
1467 771 1706 836 cruoris
1752 771 2108 853 insequitur
2164 770 2553 853 tandemque
2613 770 2789 835 venit
2844 770 2928 835 ad
2989 768 3317 852 gladium,
3384 789 3574 851 quem
3620 768 3979 853 depascens
4024 768 4259 833 herbas
4302 766 4404 831 in-

1146 881 1333 938 cauta
1391 875 1788 953 calcaverat,
1856 873 2286 956 effossumque
2346 873 2635 957 protinus
2694 872 2779 937 ad
2823 872 3093 937 Attilam
3153 871 3449 953 defert1).
3542 893 3667 955 quo
3711 872 3825 937 ille
3870 891 4133 937 munere
4178 877 4400 954 gratu-

1145 977 1352 1057 latus,
1421 984 1490 1042 ut
1544 984 1685 1043 erat
1741 976 2203 1059 magnanimis,
2272 975 2620 1041 arbitratur
2680 995 2749 1040 se
2809 974 3033 1039 mundi
3092 974 3284 1039 totius
3328 974 3681 1059 principem
3728 975 4136 1041 constitutum
4182 982 4247 1039 et
4289 992 4403 1058 per

985 1149 1003 1167 ν
1146 1081 1372 1146 Martis
1417 1081 1705 1164 gladium
1752 1085 2133 1164 potestatem
2179 1078 2304 1143 sibi
2349 1097 2718 1143 concessam
2765 1097 2911 1143 esse
2955 1078 3295 1142 bellorum.

816 1147 1102 1213 XXXVI
1319 1185 1527 1249 Huius
1594 1203 1745 1267 ergo
1811 1191 2089 1247 mentem
2156 1181 2242 1246 ad
2309 1181 2731 1246 vastationem
2790 1180 2960 1246 orbis
3020 1188 3311 1265 paratam
3371 1179 3768 1264 comperiens
3825 1179 4214 1264 GyzericuS,
4288 1198 4404 1243 rex

983 1238 1099 1298 ¹84
1145 1286 1617 1367 Vandalorum,
1683 1306 1869 1369 quem
1930 1285 2124 1369 paulo
2183 1290 2332 1349 ante
2392 1284 2885 1349 memoravimus
2905 1286 2993 1365 2},
3059 1284 3278 1348 multis
3335 1283 3706 1348 muneribus
3764 1283 3852 1348 ad
3894 1282 4403 1366 Vesegotharum

1142 1389 1318 1454 bella
1362 1389 1704 1473 precipitat
1724 1392 1796 1469 ³),
1851 1395 2175 1465 metuens,
2231 1406 2311 1451 ne
2358 1385 2805 1451 Theodoridus
2854 1386 3363 1470 vesegotharum
3409 1406 3522 1451 rex
3568 1386 3740 1452 filiae
3788 1405 3945 1452 suae
3991 1386 4405 1452 ulcisceretur

1144 1490 1475 1572 iniuriam,
1539 1511 1708 1574 quae
1752 1490 2075 1556 Hunerico
2121 1490 2420 1573 Gyzerici
2481 1489 2615 1554 filio
2666 1491 2883 1555 iuncta
2929 1490 3108 1574 prius
3152 1489 3413 1572 quidem
3457 1496 3633 1555 tanto
3681 1489 3979 1572 coniugio
4025 1490 4394 1569 laetaretur,

1144 1593 1259 1658 sed
1303 1602 1562 1678 postea,
1632 1602 1702 1660 ut
1760 1601 1901 1659 erat
1955 1594 2067 1658 ille
2130 1601 2193 1658 et
2251 1592 2319 1658 in
2381 1613 2500 1658 sua
2545 1593 2816 1677 pignora
2860 1593 3294 1672 truculentus,
3361 1593 3441 1659 ob
3489 1592 3919 1676 suspicionem
3963 1591 4401 1658 tantummodo

1141 1698 1375 1761 veneni
1420 1698 1504 1763 ab
1549 1718 1629 1763 ea
1672 1698 1899 1781 parati,
1953 1697 2215 1763 naribus
2260 1697 2580 1762 abscisam
2624 1704 3107 1779 truncatamque
3154 1696 3437 1775 auribus,
3489 1696 3777 1779 spolians
3822 1696 4051 1761 decore
4096 1694 4393 1776 naturali,

1142 1800 1309 1884 patri
1356 1819 1472 1865 suo
1517 1801 1601 1865 ad
1633 1800 1884 1864 Gallias
1915 1800 2271 1881 remiserat,
2325 1806 2395 1865 ut
2436 1807 2621 1883 turpe
2667 1799 2858 1866 funus
2904 1799 3273 1864 miseranda
3316 1818 3571 1882 semper
3613 1799 3871 1865 offerret
3916 1807 3980 1865 et
4024 1798 4394 1879 crudelitas,

978 1907 1094 1968 185
1141 1922 1271 1984 qua
1330 1903 1525 1969 etiam
1584 1910 1991 1969 moverentur
2051 1902 2333 1983 externi,
2407 1900 2756 1967 vindictam
2816 1902 3017 1987 patris
3077 1901 3406 1966 efficacius
3465 1901 3858 1986 impetraret.
3951 1902 4153 1967 Attila
4211 1901 4404 1985 igitur

1144 2005 1385 2071 dudum
1447 2008 1623 2071 bella
1684 2014 1991 2090 concepta
2038 2005 2336 2089 Gyzerici
2392 2004 2832 2089 redemptione
2877 2004 3274 2089 parturiens,
3342 2005 3592 2088 legatos
3637 2005 3703 2070 in
3749 2005 3941 2070 Italia
3982 2005 4070 2070 ad
4112 2004 4406 2069 Valenti-

1139 2109 1402 2173 nianum
1450 2110 1800 2194 principem
1848 2109 2051 2188 misit,
2120 2126 2342 2174 serens
2389 2108 2744 2174 Gothorum
2791 2108 3345 2191 Romanorumque
3391 2108 3745 2190 discordia,
3796 2116 3901 2190 ut,
3954 2127 4113 2192 quos
4158 2107 4402 2191 proelio

1138 2232 1265 2276 non
1310 2220 1560 2296 poterat
1605 2218 1978 2293 concutere,
2031 2211 2198 2276 odiis
2242 2211 2510 2277 internis
2557 2211 2858 2293 elideret,
2911 2230 3245 2291 asserens,
3299 2231 3369 2277 se
3414 2211 3508 2277 rei
3552 2210 3854 2295 publicae
3900 2210 4041 2276 eius
4085 2211 4402 2276 amicitias

1137 2314 1205 2379 in
1262 2315 1440 2380 nullo
1498 2315 1772 2396 violare,
1839 2316 1956 2380 sed
2017 2324 2235 2380 contra
2280 2314 2756 2380 Theoderidum
2815 2315 3324 2398 Vesegotharum
3383 2335 3603 2398 regem
3666 2315 3790 2380 sibi
3849 2333 3992 2381 esse
4053 2322 4398 2380 certamen.

1138 2417 1310 2482 unde
1372 2436 1514 2482 cum
1576 2416 1787 2501 excipi
1847 2417 2123 2483 libenter
2180 2424 2461 2501 optaret,
2529 2417 2728 2483 citera
2787 2417 3068 2501 epistula
3128 2417 3381 2481 usitatis
3442 2418 3899 2483 salutationum
3946 2417 4404 2483 blandimentis

975 2524 1095 2586 186
1141 2522 1537 2605 oppleverat,
1593 2520 1859 2585 studens
1903 2520 2097 2586 fidem
2143 2520 2453 2585 adhibere
2500 2520 2853 2585 mendacio,
2948 2520 3089 2603 pari
3134 2520 3329 2584 etiam
3373 2519 3560 2584 modo
3606 2520 3692 2585 ad
3737 2540 3956 2603 regem
4001 2520 4403 2603 Vesegotha-

1139 2643 1278 2687 rum
1348 2624 1823 2690 Theoderidum
1893 2623 2114 2706 dirigit
2186 2624 2460 2706 scripta,
2542 2623 2803 2688 hortans
2827 2674 2841 2703 ,
2922 2630 2991 2688 ut
3061 2644 3102 2688 a
3168 2623 3595 2688 Romanorum
3669 2623 3973 2689 societate
4046 2623 4405 2689 discederet

1312 3056 1366 3104 H
1390 3055 1435 3102 Ρ
1464 3057 1505 3102 V
1527 3056 1571 3103 L
1597 3058 1643 3103 A
1671 3056 1707 3104 S
1736 3056 1862 3117 (finit
1886 3055 1917 3104 6
1943 3054 2266 3117 comperiens)
2303 3055 2345 3103 Ο
2369 3055 2415 3102 Β
2443 3055 2489 3101 X
2518 3055 2683 3116 (YZ).
2761 3056 2949 3104 Paulus
2986 3056 3033 3104 h.
3079 3056 3137 3106 R.
3184 3061 3266 3116 14,
3309 3058 3340 3105 3
3380 3059 3429 3117 (a
3472 3056 3532 3106 13
3572 3057 3771 3117 Attila).

1313 3228 1332 3277 1
1379 3223 1623 3293 boculam]
1659 3225 1907 3289 HPWL,
1950 3228 2181 3277 buculam
2228 3214 2506 3295 VbABXY,
2551 3229 2773 3275 baculam
2815 3228 2857 3276 Ο
3095 3229 3394 3291 conspicerit
3434 3229 3476 3277 Ο
3708 3225 3823 3294 nec]
3859 3242 3924 3276 ne
3960 3227 4002 3275 L
4246 3227 4275 3277 2
4312 3230 4395 3277 in-

1135 3321 1281 3363 caute
1308 3313 1455 3377 LSO,
1499 3315 1683 3362 bucula
1719 3315 1922 3361 incaute
1948 3312 1993 3359 Β
2202 3312 2231 3362 3
2270 3315 2489 3362 caluerat
2517 3312 2592 3359 B‘
2801 3316 3140 3376 effossumque
3186 3317 3435 3375 (effossum
3464 3314 3521 3376 L)
3564 3329 3642 3377 pr.
3685 3316 3744 3363 ad
3782 3329 3828 3364 a.
3869 3314 4031 3364 defert
4067 3327 4164 3362 om.
4196 3313 4243 3359 X
4254 3313 4330 3359 Yz

1134 3403 1348 3450 attiliam
1388 3401 1430 3450 Ο
1655 3401 1788 3462 quod
1825 3399 1863 3447 S
2086 3415 2225 3450 mun.
2266 3402 2353 3450 ille
2393 3403 2437 3448 Α
2683 3401 2713 3450 4
2752 3403 3103 3461 magnanimus
3145 3403 3289 3450 Axr
3509 3398 3799 3468 arbitratur]
3841 3401 4024 3451 LAOB
4040 3401 4089 3461 Y,
4131 3402 4396 3449 arbitrator

1132 3488 1294 3548 ΗΡΥ,
1335 3488 1662 3536 arbitrabatur
1697 3487 1747 3534 X
1952 3493 2043 3534 tot.
2085 3501 2152 3535 m.
2200 3487 2288 3535 OB
2498 3483 2572 3553 et]
2609 3495 2668 3536 ut
2702 3489 2745 3537 L
2990 3490 3019 3536 5
3056 3490 3230 3537 mortis
3269 3488 3312 3536 L
3547 3490 3646 3537 sibi
3684 3502 3779 3536 om.
3811 3487 3882 3535 L‘
4090 3484 4394 3553 concessam]

1135 3588 1320 3622 cessam
1360 3573 1446 3621 SO
1761 3572 1792 3621 6
1830 3574 1967 3621 urbis
2006 3573 2054 3620 X
2063 3573 2144 3619 ΥΖ
2456 3580 2687 3635 paratum
2725 3574 2763 3622 S
3074 3570 3349 3640 gyzericus]
3386 3573 3683 3636 HPBXYZ,
3736 3576 3985 3635 gizericus
4031 3573 4184 3634 VAO,
4225 3588 4320 3623 om.
4351 3573 4393 3621 L

1135 3659 1163 3708 7
1205 3660 1563 3709 uuandolomm
1605 3658 1647 3707 Ο
1890 3660 2272 3707 memorabimus
2313 3659 2355 3708 Ο
2600 3660 2998 3719 uuisigothorum
3038 3661 3087 3707 Χ
3362 3659 3391 3710 8
3426 3661 3725 3724 precipitem
3767 3660 3810 3707 Ο
4053 3656 4392 3726 theodoridus]

1135 3746 1380 3805 PVXYZ,
1422 3745 1730 3793 theodoritus
1755 3745 1819 3805 Β,
1848 3745 2176 3793 theoderidus
2195 3731 2337 3803 HAl',
2367 3746 2628 3793 theoridus
2654 3745 2746 3805 Λα,
2778 3746 3095 3794 theodericus
3121 3745 3214 3795 LO
3419 3746 3822 3808 uuisigothorum
3852 3746 3987 3794 XYZ
4195 3747 4226 3796 9
4263 3747 4393 3794 hun-

1131 3833 1299 3881 nerico
1333 3831 1430 3893 VB,
1473 3833 1677 3880 unerico
1719 3831 1777 3894 Ο,
1820 3834 2013 3893 aperico
2051 3833 2186 3880 ΧΥΖ
2415 3828 2653 3898 gyzerici]
2689 3831 2895 3892 HPVY,
2936 3834 3138 3892 gizerici
3176 3832 3335 3892 ΕΑΒ,
3375 3834 3584 3893 gezerici
3628 3833 3687 3895 Ο,
3729 3835 3962 3893 giserichi
4000 3835 4047 3881 X
4275 3849 4389 3883 con-

1133 3919 1281 3978 gugio
1323 3916 1365 3964 Ο
1611 3917 1672 3966 10
1710 3919 1763 3966 in
1798 3931 1895 3966 om.
1933 3919 1975 3966 O
2218 3919 2532 3967 trucolentus
2575 3918 2617 3965 O
2847 3919 3133 3967 tantomodo
3174 3919 3217 3967 O
3463 3918 3520 3968 11
3563 3917 3777 3986 ueneni]
3811 3922 3933 3969 ueni
3975 3919 4017 3966 O
4241 3924 4302 3970 ab
4337 3936 4394 3969 ea

1131 3999 1315 4069 parati]
1340 4018 1449 4052 eam
1475 4007 1666 4066 putatis
1691 4005 1735 4051 B
1909 4005 2154 4053 abscisam
2179 4009 2566 4066 truncatamque
2591 4006 2795 4053 auribus
2820 4018 2915 4053 om.
2952 4004 3043 4052 OB
3256 4004 3316 4054 12
3344 4001 3421 4071 ut]
3448 4005 3643 4054 scilicet
3666 4012 3725 4054 ut
3750 4008 3795 4054 A
3969 4005 4272 4075 miseranda]
4296 4010 4392 4056 mi-

1132 4102 1294 4138 serere
1322 4088 1364 4136 L
1579 4089 1638 4139 13
1675 4104 1772 4152 quo
1796 4090 1842 4137 Β
2040 4097 2326 4138 moueretur
2350 4091 2393 4137 L
2592 4093 2875 4139 externium
2902 4091 3081 4139 dictam
3113 4091 3155 4139 Ο
3352 4093 3622 4155 imperaret
3648 4091 3708 4150 Β,
3750 4095 4010 4154 imperarit
4039 4093 4081 4142 Ο
4274 4096 4391 4142 atti-

1131 4175 1220 4224 llia
1249 4175 1291 4223 Ο
1471 4175 1532 4225 14
1558 4173 1795 4244 gyzerici]
1816 4177 1975 4234 HVB,
2007 4178 2207 4237 gizerici
2233 4176 2291 4235 L,
2323 4178 2525 4237 giserici
2551 4177 2658 4236 PA,
2688 4179 2895 4238 gezerici
2926 4178 2987 4237 Ο,
3017 4192 3045 4224 a
3068 4178 3283 4238 gyzerici
3317 4178 3369 4239 Y,
3401 4193 3429 4225 a
3453 4180 3667 4238 gyserici
3697 4179 3746 4226 X
3912 4179 4258 4241 redemptione
4287 4217 4298 4230 .
4330 4217 4341 4228 .
4372 4215 4383 4227 .

1131 4263 1537 4311 ualentinianum
1573 4277 1668 4310 om.
1706 4263 1748 4310 Ο
2001 4265 2138 4311 riens
2175 4264 2364 4322 legatos
2401 4276 2497 4311 om.
2542 4266 2595 4310 in
2631 4267 2846 4311 transitu
2882 4279 2913 4311 a
2945 4279 3067 4324 pay.
3110 4263 3177 4312 ad
3207 4278 3324 4325 pay.
3367 4262 3441 4311 Β“ι
3693 4265 3874 4326 legatis
3914 4265 3956 4313 L
4204 4267 4389 4314 italiam

1132 4347 1366 4395 PABXY
1504 4349 1847 4396 ualentianum
1874 4349 1919 4396 P
2108 4349 2166 4398 ¹5
2191 4350 2471 4412 principem
2496 4363 2591 4397 om.
2616 4351 2660 4396 A
2801 4345 2995 4415 serens]
3023 4352 3248 4399 referens
3276 4351 3323 4398 X
3330 4351 3413 4398 ΥΖ
3551 4364 3866 4399 romanorum
3892 4352 4251 4414 gothorumque
4279 4352 4323 4399 A

1129 4435 1425 4482 discordiam
1450 4433 1737 4482 LAOBXY
1943 4435 2004 4484 16
2041 4437 2134 4484 int.
2163 4435 2241 4485 od.
2272 4435 2316 4481 A
2528 4450 2581 4484 se
2607 4449 2701 4484 om.
2735 4436 2778 4484 L
2986 4438 3219 4485 amicitiis
3242 4436 3287 4483 L
3501 4435 3560 4484 17
3600 4438 3789 4486 uiolare
3817 4475 3830 4488 .
3862 4475 3873 4486 .
3909 4473 3921 4486 .
3950 4452 4118 4498 regem
4150 4452 4247 4486 om.
4282 4438 4324 4486 Ο

1130 4520 1476 4568 theodoridum
1514 4521 1572 4578 Z,
1614 4521 1951 4569 theodoritum
1988 4521 2051 4580 Β,
2094 4521 2434 4570 theodericum
2474 4520 2518 4568 L
2760 4535 2867 4570 ues.
2915 4522 3330 4583 (uuisigothorum
3367 4522 3518 4583 XYZ)
3561 4537 3665 4584 reg.
3709 4536 3805 4573 om.
3840 4525 3885 4571 A
4157 4523 4220 4573 18
4257 4519 4388 4589 cum]

1131 4619 1247 4654 eum
1283 4605 1428 4652 ΑΟΒ
1688 4609 1843 4654 citera
1879 4603 2121 4672 epistula]
2156 4606 2268 4669 ΗΡ,
2311 4613 2476 4655 cetera
2511 4607 2723 4669 epistola
2756 4607 2901 4667 VXZ,
2943 4609 3184 4669 c(a)etera
3219 4609 3490 4672 epistu(vel
3510 4609 3611 4667 oJla
3647 4608 3889 4656 LAOBY
4123 4611 4387 4658 blamentis

1135 4691 1177 4739 Ο
1444 4691 1504 4742 19
1543 4692 1770 4753 opplerat
1806 4692 1861 4753 P,
1906 4695 2196 4756 oppleberat
2236 4692 2278 4741 Ο
2524 4694 2701 4741 adhibe
2743 4694 2801 4756 Ο,
2856 4694 3084 4742 adhiberi
3121 4695 3256 4742 XYZ
3498 4695 3812 4743 mendacium
3852 4694 3895 4742 L
4140 4697 4245 4745 ecia
4283 4695 4324 4743 Ο

1126 4779 1529 4839 uuisigothorum
1568 4779 1706 4826 XYZ
1949 4777 2014 4827 20
2052 4779 2397 4828 theodoridum
2437 4781 2495 4842 Z,
2539 4780 2871 4828 theodoritum
2913 4780 3022 4843 OB,
3064 4781 3402 4830 theodericum
3439 4780 3499 4843 L,
3542 4794 3639 4830 om.
3671 4782 3719 4828 A
3950 4783 4195 4848 scriptum
4238 4781 4325 4830 OB

1125 4864 1346 4913 disceret
1380 4865 1425 4912 Β

1302 5174 1344 5237 1)
1390 5175 1585 5224 Priscus
1620 5175 1686 5236 fr.
1730 5180 1763 5226 8
1793 5192 1845 5237 p.
1880 5179 1939 5224 91
1985 5176 2157 5225 Muell.
2179 5193 2194 5222 :
2244 5172 2450 5227 ἔσεσθαι
2488 5173 2543 5226 δὲ
2582 5173 2676 5226 οὐκ
2714 5175 2785 5233 εἰς
2823 5174 3022 5244 μακρὰν
3058 5181 3153 5246 τῆς
3191 5175 3451 5245 παρούσης
3489 5174 3627 5246 αὐτῷ
3670 5178 3891 5240 (Attilae)
3935 5174 4198 5246 δυνάμεως
4236 5175 4385 5244 αὔξη-

1126 5275 1230 5309 σιν·
1284 5259 1544 5328 σημαίνειν
1592 5260 1679 5312 καὶ
1725 5264 1876 5312 τοῦτο
1925 5261 2010 5312 τὸν
2061 5259 2179 5312 θεὸν
2213 5261 2272 5312 τὸ
2308 5265 2397 5312 τοῦ
2437 5251 2629 5331 Ἀρεος
2665 5260 2994 5332 ἀναφήναντα
3031 5261 3202 5332 ξίφος,
3254 5260 3377 5329 ὅπερ
3413 5259 3470 5313 ὃν
3511 5261 3641 5330 ἱερὸν
3677 5262 3766 5315 καὶ
3804 5263 3940 5334 παρὰ
3974 5270 4076 5314 τῶν
4118 5259 4383 5316 Σκυθικῶν

1123 5342 1373 5411 βασιλέων
1409 5348 1729 5414 τιμώμενον,
1783 5343 1869 5397 οἶα
1921 5344 1984 5413 δὴ
2023 5347 2095 5415 τῷ
2134 5344 2306 5416 ἐφόρῳ
2344 5353 2446 5397 τῶν
2486 5344 2729 5415 πολέμων
2767 5347 3129 5416 ἀνακείμενον,
3184 5349 3235 5400 ἐν
3271 5352 3382 5406 τοῖς
3418 5346 3575 5400 πάλαι
3614 5346 3956 5419 ἀφανισθῆναι
3989 5349 4228 5421 χρόνοις,
4282 5347 4385 5401 εἶτα

1125 5429 1207 5482 διὰ
1245 5430 1366 5500 βοὸς
1401 5429 1688 5501 εὑρεθῆναι.

1303 5517 1349 5580 2)
1393 5534 1437 5569 ο.
1480 5521 1562 5578 33,
1607 5521 1724 5568 170.

1298 5603 1345 5665 3)
1392 5603 1588 5652 Priscus
1622 5605 1691 5665 fr.
1725 5608 1789 5654 15
1811 5621 1860 5666 p.
1895 5608 1961 5653 98
1987 5604 2159 5652 Mucll.
2184 5621 2198 5650 :
2239 5603 2374 5676 ἔχειν
2413 5603 2554 5674 αὐτῷ
2598 5609 2815 5670 (Attilae)
2861 5603 3030 5657 ἐδόκει
3064 5603 3238 5662 ’καλῶς
3279 5644 3290 5655 .
3324 5647 3334 5657 .
3371 5645 3382 5657 .
3425 5605 3477 5665 ἐς
3511 5606 3605 5674 τὴν
3646 5605 3862 5675 ἑσπέραν
3901 5604 4262 5675 στρατεύεσθαι
4298 5611 4385 5673 τῆς

1125 5687 1299 5760 μάχης
1337 5688 1477 5757 αὐτῷ
1514 5688 1587 5757 μή
1626 5689 1781 5756 μόνον
1819 5690 1945 5759 πρὸς
1980 5686 2296 5754 Ἰταλιώτας,
2336 5687 2472 5742 ἀλλὰ
2508 5690 2595 5743 καὶ
2629 5692 2753 5762 πρὸς
2791 5688 3015 5749 Γότθους
3050 5690 3139 5743 καὶ
3176 5687 3442 5762 Φράγγους
3479 5691 3757 5760 ἐσομένης,
3805 5691 3931 5762 πρὸς
3968 5692 4061 5760 μὲν
4091 5687 4385 5748 Ἰταλιώτας

1124 5773 1252 5824 ὥστε
1288 5775 1383 5844 τὴν
1414 5768 1662 5844 Ὀνωρίαν
1701 5773 1830 5842 μετὰ
1863 5781 1966 5826 τῶν
2002 5775 2285 5849 χρημάτων
2322 5775 2521 5846 λαβεῖν,
2562 5778 2687 5847 πρὸς
2725 5776 2781 5829 δὲ
2818 5773 3044 5836 restituo<
3078 5776 3228 5849 χάριν
3267 5774 3509 5849 Γιζερίχῳ
3544 5777 3967 5846 κατατιθέμενον.

4444 1616 4498 1657 10

4444 2133 4498 2172 15

4442 2646 4496 2689 20
