4882 6775
1095 537 1173 602 16
2539 523 2899 586 IORDANIS

935 728 1054 791 130
1265 724 1441 791 Galli
1499 732 1714 791 autem
1761 720 2050 790 Senones
2104 740 2267 807 gens
2321 728 2551 787 natura
2604 720 2820 803 ferox,
2887 716 3169 785 moribus
3211 716 3572 804 incondita,
3638 718 3726 785 ad
3768 716 3890 786 hoc
3930 715 4077 804 ipsa
4121 734 4345 804 corpo-
4374 731 4531 778 riom
4569 739 4601 782 ι,
4630 738 4719 781 ιω

1091 850 1229 896 rum
1273 830 1478 912 mole,
1542 828 1809 914 perinde
1855 827 2051 892 armis
2093 826 2501 909 ingentibus,
2567 826 2731 891 adeo
2776 824 2948 889 omni
2993 844 3229 908 genere
3273 824 3576 890 terribilis
3621 823 3777 905 fuit,
3843 832 3914 890 ut
3955 825 4148 908 plane
4193 828 4347 887 nata

1090 933 1177 998 ad
1230 932 1557 997 hominum
1615 931 1975 1011 interitum,
2044 929 2292 995 urbium
2355 937 2638 1012 stragem
2694 927 3040 993 videretur.
3134 927 3203 992 hi
3251 926 3570 1010 quondam
3616 928 3699 992 ab
3745 928 3988 992 ultimis
4032 934 4341 992 terrarum
4371 955 4410 985 c.
4441 947 4466 985 ⁵

1091 1036 1220 1100 oris
1279 1041 1344 1100 et
1400 1036 1696 1117 cingente
1756 1034 1970 1099 omnia
2028 1051 2266 1097 oceano
2322 1032 2568 1115 ingenti
2626 1031 2884 1113 agmine
2945 1030 3214 1115 profecti
3275 1050 3419 1094 cum
3475 1031 3607 1094 iam
3674 1030 3888 1096 media
3951 1035 4339 1107 vastassent,

1026 1160 1052 1199 s
1090 1138 1315 1224 positis
1357 1138 1525 1201 inter
1567 1137 1770 1222 Alpes
1816 1143 1880 1200 et
1923 1136 2170 1201 Padum
2218 1134 2515 1217 sedibus,
2567 1155 2648 1199 ne
2692 1134 2795 1198 his
2841 1132 3100 1215 quidem
3148 1133 3459 1215 contenti,
3526 1153 3643 1216 per
3685 1133 3941 1198 Italiam
3986 1133 4348 1197 baccaban-

935 1244 1047 1305 131
1092 1249 1215 1306 tur.
1310 1246 1460 1305 tunc
1506 1240 1798 1305 Clusium
1842 1238 2120 1308 Tusciae
2181 1238 2402 1303 urbem
2464 1237 2878 1319 obsidebant,
2947 1236 3058 1301 u'bi
3113 1257 3226 1321 pro
3273 1237 3461 1301 sociis
3507 1257 3584 1301 ac
3627 1236 3978 1302 foederatis
4023 1237 4346 1299 Romanus
4372 1265 4412 1295 α.
4442 1254 4469 1293 o

1087 1342 1434 1409 intervenit
1487 1343 1702 1408 missis
1761 1364 1841 1408 ex
1901 1361 2075 1407 more
2134 1342 2387 1423 legatis.
2496 1341 2611 1406 sed
2672 1340 2842 1424 quod
2900 1339 3003 1404 ius
3059 1339 3232 1424 apud
3286 1340 3636 1404 barbaros?
3696 1338 3972 1405 ferocius
4024 1345 4226 1421 agunt
4283 1344 4349 1402 et

1088 1445 1241 1511 inde
1295 1453 1640 1511 certamen.
1736 1445 2025 1511 conversi
2072 1444 2247 1509 Galli
2305 1465 2347 1508 a
2390 1444 2609 1510 Clusio
2653 1444 2940 1509 Romam.
3040 1443 3273 1526 quibus
3333 1443 3419 1508 ad
3462 1441 3702 1507 Alliam
3762 1441 3999 1508 flumen
4046 1462 4187 1506 cum
4233 1461 4349 1506 ex·
4374 1473 4413 1502 ο.
4444 1462 4467 1502 7

1026 1569 1052 1611 s
1092 1548 1295 1614 ercitu
1355 1549 1595 1615 Fabius
1655 1549 1878 1613 consul
1936 1547 2229 1612 occurrit.
2340 1567 2467 1611 non
2526 1553 2767 1611 temere
2825 1544 3072 1610 foedior
3125 1545 3360 1610 cladis:
3429 1546 3647 1627 itaque
3706 1545 3875 1610 hunc
3933 1545 4103 1610 diem
4164 1544 4349 1609 fastis

935 1656 1057 1717 132
1093 1651 1297 1716 Roma
1341 1651 1693 1717 damnavit.
1787 1651 1930 1716 fuso
1990 1651 2275 1715 exercitu
2323 1650 2499 1714 Galli
2556 1649 2684 1714 iam
2731 1648 3066 1714 moenibus
3111 1649 3286 1714 urbis
3332 1648 3966 1733 adpropinquabant,
4027 1648 4137 1713 ubi
4184 1668 4347 1732 pene
4375 1679 4413 1707 c.
4445 1668 4471 1708 s

1095 1754 1276 1818 nulla
1320 1761 1503 1819 erant
1548 1753 1896 1838 praesidia.
1989 1760 2124 1819 tum
2184 1752 2380 1835 igitur
2439 1754 2533 1817 sic
2594 1761 2662 1817 ut
2716 1772 3065 1834 numquam
3125 1751 3290 1816 alias
3348 1752 3646 1836 apparuit
3701 1751 3818 1816 illa
3861 1771 4015 1815 vera
4060 1751 4350 1814 Romana

1094 1856 1317 1920 virtus.
1411 1856 1541 1920 iam
1588 1857 1862 1941 primum
1907 1856 2182 1920 maiores
2226 1862 2381 1920 natu
2426 1855 2844 1939 amplissimis
2890 1855 2990 1919 usi
3037 1854 3384 1919 honoribus
3427 1854 3496 1918 in
3541 1852 3744 1919 forum
3792 1860 4045 1936 coeunt,
4096 1853 4187 1918 ibi
4232 1853 4350 1917 de-
4376 1885 4416 1914 e.
4445 1875 4471 1913 9

1097 1965 1372 2023 vovente
1418 1959 1714 2042 pontifice
1761 1959 1887 2024 diis
1934 1979 2004 2024 se
2050 1950 2346 2023 manibus
2393 1966 2768 2023 consecrant
2811 1958 3153 2041 statimque
3205 1958 3272 2022 in
3318 1976 3468 2022 suas
3514 1958 3784 2041 quisque
3828 1957 4028 2023 aedes
4071 1956 4353 2040 regressi

1000 2084 1055 2125 u
1097 2061 1189 2127 sic
1246 2068 1317 2126 ut
1376 2062 1442 2125 in
1499 2062 1738 2128 trabeis
1795 2068 1978 2127 erant
2032 2068 2097 2127 et
2156 2062 2557 2146 amplissimo
2613 2062 2789 2126 cultu
2845 2061 2914 2125 in
2975 2060 3304 2125 curulibus
3350 2060 3531 2125 sellis
3576 2080 3721 2125 sese
3765 2067 4216 2144 reposuerunt,
4282 2066 4354 2124 ut
4379 2071 4501 2112 0-10

937 2171 1057 2233 133
1096 2182 1238 2228 cum
1301 2163 1585 2228 venisset
1628 2163 1864 2246 hostis,
1926 2164 1992 2229 in
2048 2184 2167 2229 sua
2210 2165 2482 2249 quisque
2529 2165 2843 2247 dignitate
2889 2169 3258 2228 moreretur.
3354 2162 3686 2247 pontifices
3745 2170 3958 2229 autem
4020 2170 4085 2229 et
4143 2162 4355 2227 flami-
4382 2187 4420 2215 c·
4456 2177 4497 2215 ¹¹

1094 2285 1211 2331 nes
1256 2264 1566 2349 quidquid
1611 2265 2083 2349 religiosissimi
2128 2268 2196 2331 in
2240 2268 2500 2352 templis
2546 2274 2704 2348 erat,
2757 2267 2988 2351 partim
3034 2267 3101 2331 in
3147 2265 3354 2331 doleis
3399 2266 3648 2331 refossa
3692 2273 3863 2331 terra
3907 2264 4348 2347 reconderunt,

1095 2368 1328 2454 partim
1383 2368 1663 2452 inposita
1720 2370 2025 2452 plaustris
2082 2389 2299 2435 secum
2344 2371 2537 2435 Veios
2594 2370 2918 2434 auferunt:
2990 2367 3275 2452 virgines
3332 2370 3521 2433 simul
3578 2390 3659 2434 ex
3716 2368 4074 2433 sacerdotio
4119 2368 4354 2432 Vestae
4382 2380 4505 2421 0-12

1005 2524 1008 2525 ν
1096 2471 1269 2536 nudo
1316 2471 1483 2555 pede
1529 2470 1844 2554 fugientia
1891 2493 2076 2538 sacra
2118 2473 2520 2538 comitantur.
2614 2479 2831 2538 tamen
2883 2472 3217 2556 excepisse
3264 2471 3588 2555 fugientes
3631 2491 3798 2536 unus
3844 2492 3879 2536 e
3923 2472 4115 2556 plebe
4160 2470 4360 2535 fertur

1002 2599 1060 2640 ιθ
1099 2573 1389 2654 Atinius,
1459 2574 1568 2655 qui
1626 2574 1936 2658 depositis
1982 2595 2179 2641 uxore
2226 2584 2290 2641 et
2335 2576 2555 2641 liberis
2599 2576 2885 2659 virgines
2929 2577 2995 2640 in
3040 2576 3397 2660 plaustrum
3442 2575 3702 2660 recepit.
3795 2573 3961 2639 adeo
4004 2581 4156 2639 tunc
4199 2594 4361 2656 quo-

942 2684 1059 2745 134
1099 2696 1224 2761 que
1282 2676 1353 2740 in
1407 2676 1651 2741 ultimis
1710 2678 1936 2761 religio
1994 2678 2254 2763 publica
2309 2679 2578 2763 privatis
2634 2680 2973 2745 affectibus
3032 2679 3483 2744 antecellebat.
3575 2679 3873 2743 inventus
3918 2696 4101 2758 vere,
4165 2696 4354 2760 quam
4385 2693 4508 2732 e-1a

1102 2778 1259 2843 satis
1321 2784 1568 2843 constat
1624 2779 1730 2844 vix
1784 2780 1962 2845 mille
2010 2782 2335 2846 hominum
2382 2782 2617 2862 fuisse,
2686 2781 2847 2846 duce
2891 2782 3131 2846 Manlio
3176 2800 3388 2846 arcem
3435 2780 3779 2864 Capitolini
3822 2780 4055 2844 montis
4097 2779 4354 2859 insedit,

1101 2880 1422 2946 obtestata
1477 2881 1688 2966 ipsum
1748 2883 1935 2964 quasi
1991 2890 2395 2968 praesentem
2443 2884 2696 2967 Iovem,
2762 2891 2833 2949 ut
2889 2905 3077 2967 quem
3127 2868 3225 2948 ’ad
3276 2884 3533 2948 modum
3579 2882 3704 2967 ipsi
3751 2882 3837 2947 ad
3882 2881 4357 2947 defendendum

949 2992 1063 3053 135
1100 2984 1413 3068 templum
1471 2984 1928 3065 occurrissent,
1997 2986 2089 3051 ita
2142 2986 2256 3051 ille
2316 2988 2617 3053 virtutem
2663 3007 2880 3051 eorum
2925 2986 3186 3052 numine
3234 3006 3349 3052 suo
3394 2992 3697 3051 tueretur.
3791 2984 4062 3050 aderant
4104 2985 4356 3051 interim
4385 3011 4425 3039 e.
4462 3001 4508 3039 1⁴

1103 3086 1278 3151 Galli
1321 3094 1781 3171 apertamquae
1827 3088 2049 3154 urbem
2095 3089 2354 3154 adeunt.
2450 3090 2542 3154 ibi
2604 3090 2977 3155 sedentibus
3023 3090 3091 3154 in
3136 3090 3462 3154 curulibus
3509 3089 3643 3153 suis
3689 3093 4123 3173 praetextatos
4168 3105 4358 3152 senes

1000 3212 1062 3254 25
1100 3191 1278 3255 velut
1323 3189 1479 3255 deos
1516 3190 1866 3273 geniosque
1912 3192 2222 3273 venerati,
2275 3213 2423 3257 mox
2470 3193 2753 3275 eosdem,
2805 3200 3141 3278 postquam
3188 3212 3333 3257 esse
3378 3192 3669 3257 homines
3714 3191 4020 3274 liquebat,
4073 3190 4357 3273 alioquin

1098 3293 1260 3358 nihil
1320 3292 1709 3376 respondere
1765 3294 2108 3377 dignantes
2153 3295 2293 3379 pari
2337 3295 2640 3361 vecordia
2683 3302 2968 3360 mactant
3011 3295 3315 3377 facesque
3358 3295 3544 3359 tectis
3589 3294 3855 3359 iniciunt
3898 3301 3964 3359 et
4005 3300 4201 3359 totam
4247 3313 4355 3358 ur-

944 3404 1062 3465 136
1098 3396 1245 3462 bem
1310 3396 1448 3480 igni
1513 3397 1680 3462 ferro
1742 3398 2040 3464 manibus
2107 3405 2491 3482 exaequant.
2588 3420 2704 3465 sex
2769 3400 3099 3466 mensibus
3177 3399 3500 3480 (barbaros
3560 3399 3704 3483 quis
3764 3398 4107 3481 credereti)
4187 3398 4356 3463 circa
4383 3416 4508 3455 0-15

1103 3507 1381 3564 montem
1440 3520 1636 3565 unum
1694 3501 2169 3584 pependerunt,
2245 3523 2363 3567 nec
2423 3503 2652 3568 diebus
2711 3503 2930 3584 mod0,
3006 3502 3124 3568 sed
3178 3502 3471 3567 noctibus
3536 3522 3736 3583 coque
3803 3501 4016 3566 omnia
4081 3501 4350 3585 experti,

1104 3621 1247 3667 cum
1302 3610 1523 3668 tamen
1567 3602 1849 3668 Manlius
1908 3612 2090 3670 nocte
2151 3605 2520 3688 subeunti8‚
2586 3607 2886 3689 clangore
2941 3606 3191 3671 anseris
3237 3606 3554 3672 excitatus
3599 3626 3640 3669 a
3683 3625 3932 3670 summa
3976 3624 4133 3688 rupe
4178 3604 4359 3669 deie-

1006 3729 1066 3769 so
1108 3706 1215 3786 cit,
1267 3713 1331 3770 et
1374 3713 1444 3770 ut
1487 3725 1668 3790 spem
1716 3707 2005 3772 hostibus
2052 3707 2372 3790 demeret,
2424 3728 2811 3791 quamquam
2856 3709 2924 3773 in
2970 3728 3219 3773 summa
3263 3707 3433 3772 fame
3479 3712 3694 3772 tamen
3739 3706 3824 3772 ad
3868 3707 4149 3791 speciem
4194 3706 4360 3771 fidu-

951 3815 1068 3877 137
1109 3808 1279 3887 ciae,
1331 3827 1533 3892 panes
1579 3809 1661 3873 ab
1708 3829 1854 3874 arce
1900 3811 2220 3876 iaculatus
2265 3818 2395 3877 est:
2469 3818 2533 3877 et
2577 3819 2741 3876 stato
2788 3811 3062 3895 quodam
3107 3812 3213 3877 die
3259 3831 3373 3895 per
3416 3811 3664 3876 medias
3709 3809 3984 3876 hostium
4031 3811 4358 3875 custodias
4383 3837 4423 3866 e.
4461 3829 4510 3868 w

1105 3908 1379 3975 Fabium
1425 3910 1786 3993 pontificem
1833 3913 1915 3977 ab
1961 3933 2108 3978 arce
2154 3914 2416 3994 dimisit,
2471 3915 2581 3998 qui
2627 3915 2913 3979 solemne
2959 3934 3209 3978 sacrum
3253 3915 3320 3978 in
3365 3913 3684 3991 Quirinali
3728 3920 3940 3979 monte
3985 3913 4350 3979 conficeret:

1105 4018 1299 4093 atque
1358 4012 1472 4077 ille
1529 4033 1646 4096 per
1689 4014 1906 4079 media
1952 4015 2228 4081 hostium
2274 4017 2408 4081 tela
2452 4017 2785 4082 incolomis
2830 4016 3162 4099 religionis
3207 4017 3448 4081 auxilio
3493 4015 3684 4080 rediit
3725 4015 4158 4099 propitiosque
4203 4015 4359 4079 deos

1105 4114 1516 4179 renuntiavit.
1629 4117 1975 4183 novissime
2034 4138 2177 4183 cnm
2233 4119 2363 4184 iam
2419 4118 2669 4185 obsidio
2727 4138 2846 4185 sna
2899 4119 3208 4184 barbaros
3262 4118 3635 4202 fatigasset,
3699 4118 3876 4183 mille
3931 4118 4146 4203 pondo
4203 4137 4356 4182 auro
4385 4147 4424 4177 e.
4460 4138 4508 4178 ιτ

1280 4496 1402 4543 ΗΡ
1433 4496 1552 4544 VL.
1592 4524 1662 4534 —
1699 4497 1831 4547 Mur.
1868 4513 1922 4559 p.
1950 4499 2080 4549 228⁰
2116 4515 2161 4548 v.
2196 4497 2254 4547 21
2295 4500 2417 4548 -lini
2455 4502 2658 4548 montis.

1286 4700 1308 4750 1
1351 4702 1569 4750 incedits
1604 4701 1751 4750 HPV
1957 4702 1987 4751 2
2025 4711 2139 4752 nats
2174 4707 2236 4754 ad
2271 4705 2387 4752 hom
2425 4707 2481 4754 in
2515 4706 2671 4753 litura
2704 4705 2744 4752 V
2950 4705 2980 4754 3
3017 4706 3098 4753 hii
3133 4707 3176 4755 L
3384 4705 3415 4754 4
3452 4706 3588 4753 horis
3624 4704 3736 4752 libri
3944 4705 4215 4763 cingnente
4251 4702 4294 4749 L

1108 4788 1273 4837 media
1309 4784 1619 4853 nutassent]
1656 4789 1869 4836 mediam
1907 4795 2141 4838 uastant*
2169 4790 2213 4838 L
2421 4791 2451 4839 5
2491 4792 2600 4852 alpe
2637 4792 2725 4839 sed
2754 4790 2800 4836 P
3000 4788 3104 4857 his]
3140 4792 3195 4838 ld
3221 4792 3264 4839 L
3472 4791 3744 4851 contempti
3780 4789 3892 4837 libri
4099 4791 4363 4837 baccabsn-

1109 4870 1216 4940 tur]
1253 4874 1378 4936 libri,
1422 4876 1729 4934 uagabantur
1750 4875 1930 4923 Ftoms
2139 4875 2170 4924 6
2207 4872 2353 4942 tunc]
2387 4884 2497 4924 tum
2526 4877 2705 4925 Florus
2911 4879 3103 4926 tusciae
3137 4892 3238 4927 om.
3270 4878 3441 4926 norm
3648 4877 3736 4924 nbi
3775 4888 3871 4925 om.
3904 4876 4080 4922 Florus
4284 4869 4363 4938 sc]

1111 4966 1164 5007 et
1200 4959 1243 5006 L
1518 4959 1546 5006 7
1586 4960 1764 5007 missi*
1807 4960 1997 5020 (missis
2030 4947 2108 5020 νὺ)
2148 4960 2244 5008 V‘:
2284 4963 2425 5009 missi
2463 4976 2529 5009 ex
2567 4976 2701 5010 more
2737 4964 2890 5022 legati
2929 4964 3105 5010 Florus
3384 4963 3414 5012 8
3450 4964 3578 5011 clusi
3619 4961 3663 5010 L
3922 4961 3954 5010 9
3989 4962 4153 5009 clades
4194 4962 4364 5008 Florus

1116 5043 1176 5094 10
1214 5059 1398 5092 romam
1428 5045 1541 5093 libri
1718 5046 2144 5108 adpropinquabat
2169 5046 2240 5094 P‘
2455 5047 2510 5096 11
2553 5049 2641 5096 illa
2667 5062 2784 5097 uero
2811 5049 2924 5108 HV,
2968 5063 3086 5097 uera
3107 5050 3195 5096 illa
3223 5049 3392 5096 nonas
3604 5046 3666 5096 14
3704 5053 3872 5096 serant
3898 5048 3943 5094 P
4150 5044 4213 5096 16
4248 5047 4365 5094 reli-

1111 5132 1358 5190 giosissim
1387 5131 1432 5177 P
1634 5137 1826 5194 partem
1852 5131 1993 5180 HPL
2199 5133 2396 5183 defossa
2423 5134 2603 5180 Florus
2809 5130 3163 5199 reconderunt]
3204 5134 3485 5182 recondunt
3511 5134 3687 5181 Florus
3898 5133 3955 5182 17
3995 5135 4230 5195 inpositis
4255 5133 4297 5180 L

1112 5230 1178 5264 ex
1203 5217 1448 5266 scerdotio
1474 5217 1519 5263 P
1693 5215 1754 5265 18
1791 5215 2057 5285 fugientia]
2081 5218 2317 5280 HPV‘L,
2348 5221 2601 5281 fugientia
2626 5236 2654 5267 s
2687 5206 2747 5266 V*
2908 5234 3042 5268 sacro
3067 5218 3235 5267 HPV⁰
3415 5218 3476 5268 19
3513 5219 3750 5281 plaustris
3774 5219 3818 5267 L
3992 5218 4056 5268 20
4092 5220 4227 5278 regio
4262 5218 4300 5265 V

1113 5302 1397 5351 adfectibus
1434 5304 1624 5362 Plenas,
1668 5304 1936 5352 effectibus
1972 5304 2085 5353 libra·
2291 5304 2350 5354 21
2392 5306 2620 5354 homines
2645 5304 2687 5351 L
2897 5306 3106 5354 manilio
3131 5306 3174 5353 L
3382 5304 3446 5353 22
3482 5307 3757 5354 obtestates
3781 5305 3825 5352 P
4027 5300 4155 5370 ipsi]
4189 5307 4297 5365 ipse
4320 5302 4365 5349 L

1113 5387 1179 5437 23
1217 5384 1483 5454 templum]
1532 5389 1644 5437 libri
1679 5395 1722 5437 et
1761 5391 1938 5437 Florus
1969 5389 2206 5452 (Bamb.),
2249 5392 2493 5452 templum
2531 5392 2644 5438 eius
2682 5391 2815 5440 Flor.
2850 5391 3014 5454 (Naz.)
3297 5393 3487 5439 occurri
3526 5405 3578 5439 se
3616 5391 3677 5450 L,
3717 5393 4086 5439 concurrissent
4124 5391 4297 5438 Florus

1114 5476 1313 5524 nomine
1350 5488 1441 5522 suo
1476 5474 1633 5536 HPV,
1677 5489 1767 5523 suo
1804 5478 2005 5524 nomine
2038 5476 2079 5523 L
2287 5477 2460 5525 aderat
2482 5477 2581 5524 ΗΡ
2785 5476 2851 5525 24
2887 5478 3122 5525 sedentes
3162 5477 3341 5525 Florus
3548 5491 3706 5525 senex
3732 5476 3775 5524 L
3982 5475 4049 5526 26
4087 5477 4366 5526 uecordiam

1116 5566 1291 5623 aptant
1315 5560 1368 5607 Η
1573 5559 1635 5608 27
1673 5562 1870 5610 barbari
1897 5563 2074 5611 Florus
2283 5561 2348 5611 28
2385 5560 2564 5630 coque]
2601 5564 2710 5625 ΗΡ,
2752 5576 2951 5625 quoque
2975 5565 3064 5612 rel.
3281 5562 3345 5611 29
3383 5565 3618 5612 manilius
3643 5563 3686 5610 L
3893 5564 4168 5612 subeuntes
4194 5565 4367 5612 Floms

1119 5646 1287 5708 (Nax.)
1536 5646 1601 5695 30
1637 5642 1724 5712 ad]
1761 5647 1899 5696 PVL
1922 5649 2116 5710 Florus,
2158 5649 2213 5696 in
2252 5649 2302 5695 H
2543 5647 2603 5698 31
2644 5662 2833 5712 psenes
2866 5649 2980 5710 ΗΡ,
3025 5662 3211 5710 poenes
3250 5649 3292 5696 L
3533 5650 3755 5697 hostium
3792 5645 4065 5715 custodias]
4101 5651 4287 5698 hostias
4322 5649 4367 5696 L

1115 5731 1180 5782 32
1215 5733 1410 5780 fanium
1450 5733 1495 5780 L
1701 5734 1986 5795 pontificem
2023 5747 2120 5784 om.
2160 5733 2224 5781 V‘·
2433 5733 2500 5784 33
2536 5731 2709 5801 atque]
2745 5741 2797 5782 at
2832 5735 2876 5782 L
3084 5734 3150 5783 34
3184 5735 3375 5784 obsidio
3412 5749 3500 5782 sna
3538 5736 3583 5781 b.
3627 5731 3911 5801 fatigasset]
3950 5735 4138 5797 Florus,
4182 5736 4368 5783 obsidia

1117 5833 1209 5867 sna
1243 5819 1472 5867 barbaros
1507 5820 1763 5879 fatigasset
1808 5820 2118 5880 (fatigassent
2151 5819 2208 5881 L)
2252 5826 2306 5868 et
2339 5820 2525 5869 HPVL
2731 5822 2838 5868 suri
2879 5822 3053 5869 Florus
