4882 6775
1110 480 1191 540 46
2145 452 2161 467 ‘
2551 474 2912 532 1onnAN1s

1103 672 1169 731 et
1227 666 1443 749 capita
1498 687 1715 733 eorum
1761 665 2376 750 Constantinopolim
2428 665 2651 731 adlata
2695 665 3108 751 praefixaque
3153 664 3451 730 astilibus
3493 665 3838 730 tabuerunt
3857 665 3926 747 ¹).
3986 666 4013 750 Ι)
4064 663 4160 729 sic
4201 685 4362 748 quo-
4386 676 4524 719 flue·
4549 679 4617 719 ⁴⁹¹

1106 788 1231 851 que
1276 771 1495 835 Zenon
1540 771 1858 855 superatis
1901 769 2179 835 inimicis
2226 769 2361 834 suis
2402 769 2472 834 in
2516 770 2687 835 bona
2728 789 2891 854 pace
2935 768 3199 851 quievit.

944 871 1065 934 354
1276 873 1663 938 Anastasius
1722 893 1804 938 ex
1850 872 2203 939 silentiario
2248 874 2273 957 ΙΙ
2320 872 2531 938 subito
2575 872 2657 937 ab
2704 872 2989 955 Ariagne
3034 872 3332 955 Augusta
3371 871 3440 935 in
3481 870 3749 956 imperio
3794 876 4086 955 sumptus
4131 871 4359 936 simul-
4386 866 4522 959 {¹555-
4552 868 4618 907 ⁴⁹¹

1104 995 1229 1058 que
1274 974 1623 1060 imperator
1667 982 1734 1041 et
1775 976 2041 1041 maritus
2084 975 2375 1058 innotuit,
2416 976 2441 1060 ΙΙ
2474 976 2892 1059 regnavitque
2935 995 3085 1040 ann.
3122 992 3320 1039 xxvu
3364 994 3451 1038 m.
3487 992 3559 1039 11.
3599 974 3624 1059 ΙΙ
3656 980 3874 1038 contra
3917 992 4108 1055 quem
4151 974 4359 1039 Isauri
4388 984 4525 1027 ¹¹·oe-
4553 988 4640 1027 518-
4668 988 4727 1027 Μ

1043 1098 1069 1137 5
1108 1077 1260 1143 dum
1320 1078 1445 1145 sibi
1502 1079 1674 1163 quod
1714 1079 1850 1144 illis
1893 1086 2207 1162 tyrannus
2251 1080 2363 1145 ille
2415 1079 2745 1145 adiecerat
2789 1077 3161 1144 donativum
3205 1085 3271 1143 et
3311 1078 3530 1143 Zenon
3572 1075 4110 1143 reconciliationis
4152 1078 4365 1161 gratia

944 1181 1068 1246 355
1105 1181 1345 1247 invitus
1376 1182 1683 1264 larg-ierat
1709 1183 1793 1248 ab
1823 1182 1947 1249 isto
1976 1182 2355 1248 fraudantur
2371 1184 2447 1265 ²),
2498 1203 2679 1248 arma
2709 1182 3042 1267 arripiunt.
3138 1187 3553 1264 consertoque
3598 1180 3840 1264 proelio
3883 1179 4067 1244 iuxta
4108 1180 4365 1247 Cotzia-

1104 1283 1236 1349 ium
1281 1284 1565 1368 Frygiae
1612 1285 1935 1351 civitatem
1980 1293 2192 1351 castra
2235 1285 2459 1351 metati
2501 1304 2667 1369 pene
2711 1305 2829 1370 per
2873 1303 2988 1349 sex
3033 1284 3364 1350 continuos
3407 1302 3610 1348 annos
3652 1283 3747 1348 rei
3790 1282 4089 1368 publicae
4132 1284 4363 1349 adver·
4419 1352 4429 1357 ,

1106 1393 1360 1452 santur:
1414 1388 1526 1453 ubi
1570 1396 1635 1454 et
1670 1388 1963 1472 Lilingis‚
2016 1408 2233 1454 eorum
2279 1394 2344 1453 et
2388 1388 2456 1452 in
2499 1388 2673 1454 bello
2718 1395 2783 1453 et
2825 1388 2892 1452 in
2939 1386 3204 1457 consilio
3247 1386 3573 1471 praevius,
3624 1386 3920 1469 quamvis
3965 1386 4238 1471 pedibus
4281 1386 4360 1451 ob

1106 1489 1388 1574 corporis
1447 1490 1783 1557 debilitate
1841 1490 2080 1575 signis,
2146 1509 2345 1574 eques
2401 1497 2619 1556 tamen
2673 1491 2740 1555 in
2798 1490 2973 1556 bello
3032 1489 3416 1572 acerrimus,
3484 1490 3637 1556 dum
3694 1495 4065 1575 peremptus
4108 1488 4356 1571 fuisset,

1002 1613 1059 1659 ιο
1098 1610 1317 1657 omnes
1361 1593 1569 1658 Isauri
1627 1593 1956 1677 fugierunt
2008 1598 2202 1676 atque
2259 1591 2538 1679 dispersi
2598 1600 2748 1659 sunt
2802 1601 2868 1659 et
2924 1592 3161 1659 devicti
3221 1600 3288 1659 et
3352 1612 3794 1677 perquaquam
3854 1593 4049 1658 exilio
4093 1590 4366 1675 relegati

939 1703 1062 1765 356
1101 1696 1421 1779 urbesque
1467 1716 1683 1762 eorum
1729 1698 2078 1762 nonnullae
2124 1698 2260 1763 solo
2306 1717 2510 1781 usque
2555 1704 2912 1783 prostratae
2932 1701 2972 1778 3)
2992 1747 3007 1761 .
3089 1696 3287 1762 variis
3330 1716 3608 1781 namque
3653 1697 3773 1762 sub
3804 1696 4146 1762 Anastasio
4191 1695 4361 1761 milis

1099 1800 1364 1883 proeliis
1423 1800 1732 1884 fatigatus
1790 1807 1856 1867 et
1912 1820 2082 1866 nunc
2120 1801 2145 1885 ΙΙ
2190 1801 2453 1885 Illyrico
2513 1821 2656 1867 cum
2717 1800 3066 1866 Saviniano
3123 1806 3189 1866 et
3229 1800 3551 1865 Mundone
3610 1800 3697 1865 ad
3740 1800 4034 1883 Margum
4053 1803 4127 1882 ⁴),
4196 1819 4361 1864 nunc
4388 1813 4529 1855 1⁸10·
4558 1815 4707 1853 suetus

1100 1921 1243 1967 cum
1273 1902 1581 1988 Pumpeio
1625 1903 1711 1969 ad
1748 1902 2232 1989 Adrianopolim
2251 1908 2326 1988 ε5),
2377 1924 2549 1970 nunc
2592 1924 2734 1970 cum
2765 1904 2979 1970 Aristo
3025 1905 3110 1971 ad
3155 1904 3452 1969 Tzortam
3471 1905 3545 1987 ⁶),
3598 1924 3767 1969 nunc
3814 1923 3956 1969 cum
4002 1901 4257 1968 Parthis
4297 1903 4365 1967 in

1005 2029 1061 2070 ιι
1099 2003 1354 2089 Syriam
1373 2009 1450 2088 7),
1503 2012 1574 2071 ut
1616 2006 1904 2072 omittam
1947 2006 2257 2073 intestina
2298 2007 2486 2075 clade
2532 2013 2598 2073 et
2638 2025 2891 2092 pugnas
2936 2006 3005 2072 in
3051 2007 3187 2072 foro
3229 2005 3450 2089 regiae
3496 2006 3774 2072 civitatis
3792 2009 3865 2089 Β),
3917 2006 4003 2072 ad
4047 2013 4363 2090 postremo

939 2116 1062 2178 357
1099 2114 1319 2172 contra
1361 2108 1616 2173 Italiam
1661 2110 1810 2193 plus
1853 2109 2123 2194 piratico
2167 2130 2360 2192 quam
2405 2110 2666 2196 publico
2710 2110 2915 2176 Marte
2966 2116 3341 2175 concertans
3365 2110 3439 2193 ⁹),
3494 2109 3837 2175 frustratus
3882 2116 4000 2175 est.
4061 2108 4087 2193 ΙΙ
4140 2108 4257 2174 sed
4300 2115 4366 2174 et

1101 2210 1274 2292 quod
1317 2212 1465 2296 plus
1509 2211 1633 2277 fuit
1673 2211 2057 2295 dolendum,
2117 2220 2336 2279 contra
2381 2212 2674 2279 ultimum
2721 2232 2905 2278 suum
2953 2213 3263 2278 famulum
3308 2211 3702 2278 Vitalianum
3748 2212 3828 2278 de
3875 2212 4206 2296 Scythiam
4250 2231 4366 2296 per

1102 2332 1218 2379 sex
1262 2334 1463 2380 annos
1510 2314 1702 2381 civile
1746 2315 1989 2381 bellum
2036 2316 2334 2384 extraxit.
2427 2317 2486 2382 is
2533 2317 2590 2382 si
2632 2317 2891 2399 quidem
2939 2316 3300 2382 Vitalianus
3346 2335 3489 2381 cum
3535 2333 3627 2380 Lx
3671 2314 3933 2381 milibus
3977 2320 4361 2380 armatorum

1101 2417 1290 2482 tertio
1349 2438 1513 2503 pene
1576 2438 1702 2483 non
1760 2418 1853 2484 rei
1898 2419 2198 2504 publicae
2244 2419 2362 2486 sed
2406 2420 2545 2504 regi
2591 2420 2870 2486 infestus
2912 2419 3230 2485 accedens
3274 2420 3480 2485 multa
3521 2419 3883 2484 suborbana
3926 2418 4146 2502 regiae
4191 2418 4364 2484 urbis

942 2529 1066 2591 358
1103 2519 1364 2604 praedis
1394 2522 1743 2606 spoliisque
1775 2523 2158 2604 adtrivitw).
2194 2524 2221 2608 ΙΙ
2253 2530 2474 2589 contra
2516 2543 2706 2605 quem
2754 2524 2905 2588 dum
2943 2523 3264 2608 Hypatius
3309 2541 3515 2607 nepus
3544 2521 3845 2593 Caesaris
3891 2541 4034 2586 cum
4081 2521 4364 2587 exercitu
4390 2537 4509 2578 10⁸.

1004 2649 1065 2691 πο
1103 2643 1441 2688 numeroso
1477 2630 1880 2709 pugnaturus
1911 2625 2256 2709 egreditur,
2308 2626 2458 2692 ante
2489 2627 2572 2692 ab
2602 2625 2854 2691 Hunnis
2884 2625 3306 2691 auxiliaribus
3338 2624 3586 2709 capitur
3614 2631 3680 2689 et
3713 2623 4032 2689 Vitaliano
4062 2625 4239 2689 mula
4265 2625 4364 2689 in-

1106 2723 1343 2791 sedens
1387 2727 1655 2811 turpiter
1697 2726 2031 2810 venditur,
2097 2734 2443 2812 antequam
2488 2736 2709 2814 aperto
2752 2729 2995 2814 proelio
3039 2734 3221 2814 parte
3266 2728 3545 2794 adversa
3588 2746 3733 2792 sese
3776 2726 4105 2792 inimicum
4151 2733 4366 2792 osten-

1107 2827 1308 2894 deret.
1403 2838 1549 2915 post
1604 2851 1796 2913 quem
1862 2831 2019 2897 item
2063 2832 2330 2898 Rufinus
2374 2833 2797 2916 Alathortque
2856 2852 3028 2925 mag.
3088 2832 3222 2898 mil.
3290 2852 3488 2917 saepe
3547 2831 3863 2916 superati,
3931 2849 4127 2914 saepe
4186 2829 4363 2894 inrisi

945 2942 1069 3005 359
1107 2932 1191 2996 ab
1258 2952 1335 2998 eo
1391 2939 1457 2999 et
1514 2935 1713 3020 spreti
1770 2941 1941 3000 sunt.
2056 2936 2150 3002 sic
2207 2956 2460 3020 quoque
2521 2936 2794 3003 diversis
2852 2936 3143 3021 partibus
3202 2935 3600 3001 inimicorum
3660 2936 3940 3001 vallatus
3998 2933 4364 3016 agminibus

1111 3034 1499 3103 Anastasius
1575 3058 1771 3124 saepe
1844 3040 2211 3124 congemuit
2281 3040 2572 3124 nullique
2644 3047 2862 3107 tamen
2933 3040 3169 3107 meruit
3228 3039 3626 3106 inimicorum
3694 3058 3949 3105 suorum
4017 3036 4362 3102 vindictam

1282 3383 1403 3432 ΗΡ
1433 3382 1533 3433 VS
1563 3384 1611 3446 (3
1649 3385 1948 3435 Anastasius
1983 3414 2049 3423 —
2087 3386 2117 3436 4
2155 3402 2222 3436 m.
2267 3390 2326 3447 ιι)
2357 3385 2402 3435 L
2439 3385 2700 3447 hcc-ulfus
2726 3387 2773 3450 9,
2807 3391 2854 3448 5,
2892 3389 2954 3436 19
2998 3385 3044 3450 (2
3083 3387 3252 3436 Zenon
3289 3414 3359 3424 —
3396 3384 3428 3436 4
3464 3400 3583 3436 ann.
3624 3400 3806 3448 xxvn3
3847 3402 3879 3434 a
3903 3383 3967 3435 23
4006 3385 4258 3447 diversis).
4296 3413 4365 3421 —

1112 3469 1243 3520 Mur.
1284 3486 1338 3533 p.
1368 3458 1495 3518 ‘240¹’
1529 3487 1577 3520 υ.
1609 3470 1635 3519 7
1679 3477 1809 3520 -stra
1846 3476 2039 3523 metati.

1288 3625 1309 3674 1
1355 3623 1650 3693 tabuerunt]
1691 3627 2033 3688 Marcellinus,
2074 3634 2364 3678 statuerunt
2398 3630 2513 3677 libri
2558 3609 2566 3625 ⁸
2722 3628 2751 3678 3
2790 3631 3102 3679 exilentialio
3139 3629 3211 3678 L‘
3420 3629 3450 3677 5
3485 3629 3588 3677 illis
3623 3642 3721 3677 om.
3749 3628 3794 3677 L
4000 3632 4217 3681 adiceret
4264 3633 4304 3679 V

1110 3711 1454 3760 reconcilianis
1505 3711 1578 3759 V*
1823 3715 1853 3763 6
1890 3720 2213 3777 conserteque
2257 3713 2336 3763 γ’
2565 3718 2844 3765 cotzianum
2893 3703 3018 3778 VL⁶,
3057 3722 3319 3765 cotzanum
3355 3714 3460 3764 L‘:
3498 3716 3763 3775 cotiaeum,
3805 3715 4046 3764 cottiaum
4082 3717 4198 3765 libri
4233 3716 4366 3764 Mar-

1111 3797 1279 3847 cellini
1296 3813 1311 3842 .·
1336 3802 1407 3845 cst
1435 3797 1716 3861 CotyaZum,
1748 3791 2028 3850 Κοτυάειον
2239 3797 2267 3848 7
2293 3797 2510 3868 stygiae]
2534 3788 2777 3862 HPVbL,
2807 3803 3009 3862 rugiae
3039 3800 3115 3849 V‘
3313 3799 3344 3851 8
3369 3802 3588 3861 lilingus
3613 3798 3703 3860 L‘,
3732 3800 3963 3860 lilingnis
3988 3789 4074 3865 Ι),
4104 3803 4303 3864 liglngis
4329 3803 4370 3850 V

1114 3882 1146 3932 9
1181 3879 1474 3950 debilitate]
1498 3884 1756 3946 H(‘?)PVL
1971 3885 2031 3935 10
2068 3883 2353 3952 rugierunt]
2380 3885 2569 3935 HPVL
2782 3886 2843 3936 12
2880 3887 3102 3946 fatigatis
3129 3885 3271 3948 ΡΨ)
3485 3881 3768 3950 sauiniano]
3796 3885 3910 3934 libri
4121 3887 4184 3937 13
4220 3902 4366 3952 pum-

1110 3965 1247 4035 peio]
1284 3969 1446 4030 HPV,
1486 3971 1712 4032 pompeio
1748 3971 1793 4019 L
2055 3985 2190 4020 nuno
2226 3987 2338 4021 cum
2376 3969 2591 4039 parthis]
2627 3973 2685 4030 L,
2727 3987 2848 4020 num
2885 3973 3076 4034 parthis
3112 3973 3258 4021 HPV
3535 3969 3597 4020 14
3632 3973 3877 4020 intestina
3910 3969 4075 4039 clade]
4115 3973 4299 4022 HPVL

1111 4053 1385 4124 postremo]
1419 4056 1578 4120 HPL,
1606 4063 1912 4118 postremum
1947 4058 1989 4106 V
2162 4057 2224 4107 16
2261 4072 2356 4121 quo
2380 4059 2434 4106 H
2621 4058 2679 4108 17
2719 4056 2964 4126 extraxit]
2989 4062 3177 4121 scripsi,
3207 4061 3439 4107 extruxit
3462 4057 3624 4120 ERV,
3663 4059 3923 4108 exstruxit
3944 4059 3988 4107 L
4167 4060 4228 4109 18
4258 4065 4369 4122 post

1116 4157 1244 4206 pene
1280 4142 1515 4191 excidisse
1549 4143 1744 4192 vidctur
1778 4143 1861 4191 die
1898 4146 2238 4206 congregatis:
2279 4147 2331 4192 in
2369 4146 2533 4194 triduo
2568 4151 2974 4207 congregatorum
3012 4145 3328 4194 Marcellinus
3610 4143 3670 4192 19
3717 4145 3913 4206 praedis
3951 4161 3975 4194 s
4011 4149 4064 4194 in
4097 4148 4252 4195 litura
4295 4133 4369 4192 V⁶

1115 4228 1180 4278 20
1217 4230 1469 4290 egreditur
1511 4230 1611 4291 (sic)
1643 4229 1689 4277 P
1817 4260 1824 4266 «
1892 4226 2105 4296 hunnis]
2141 4231 2202 4291 L,
2243 4233 2398 4279 unnis
2433 4230 2578 4279 HPV
2807 4230 2871 4280 22
2911 4228 3055 4297 item]
3091 4233 3273 4279 iterum
3310 4232 3354 4280 L
3560 4213 3849 4293 alath'orque
3884 4232 3929 4280 L
4134 4235 4371 4294 magister

1114 4317 1330 4364 militum
1367 4316 1480 4363 libri
1688 4330 1836 4379 saepe
1873 4313 2016 4382 sup.]
2050 4330 2162 4378 sup.
2204 4322 2258 4365 et
2291 4317 2334 4365 L
2543 4316 2609 4366 24
2646 4316 2907 4366 uicdictam
2947 4317 2991 4365 L

1287 4572 1332 4634 1)
1374 4574 1618 4622 Leontius
1655 4587 1745 4621 rex
1781 4578 1834 4622 et
1870 4574 1996 4622 Illus
2032 4578 2277 4634 tyrannus
2313 4576 2364 4623 in
2401 4575 2615 4638 Papyrio
2650 4576 2871 4624 Isauriae
2907 4577 3111 4624 castello
3147 4577 3280 4637 capti
3315 4577 3643 4638 decollatique
3682 4581 3818 4626 sunt.
3895 4578 4059 4640 capita
4095 4591 4263 4626 eorum
4299 4605 4367 4613 —

1115 4663 1387 4712 tabuerunt
1425 4659 1766 4710 Marcellinus.

1287 4746 1335 4808 2)
1377 4747 1501 4795 dum
1541 4783 1554 4795 .
1589 4781 1602 4794 .
1634 4783 1647 4795 .
1679 4783 1692 4795 .
1734 4747 2034 4795 fraudantur
2067 4746 2244 4795 abana
2279 4762 2310 4795 a
2348 4745 2660 4796 Marcellino,

1289 4833 1339 4895 3)
1380 4845 1654 4895 omnesque
1690 4834 1839 4882 simul
1877 4834 2041 4882 Isauri
2077 4835 2229 4894 fugae
2263 4833 2423 4881 dediti
2462 4848 2551 4896 per
2586 4839 2820 4882 montana
2855 4848 3128 4896 asperaque
3164 4835 3269 4883 loca
3305 4836 3545 4883 Isauriam
3580 4842 3820 4897 repetunt
3857 4836 4194 4884 Marcellinus.

1289 4920 1336 4980 4)
1383 4918 1688 4967 Sabinianus
1726 4953 1742 4968 .
1774 4954 1787 4968 .
1819 4955 1831 4966 .
1871 4919 2132 4979 delegatus
2179 4924 2351 4969 contra
2396 4918 2706 4970 Mundonem
2743 4921 2920 4968 Getam
2961 4957 2973 4969 .
3005 4957 3017 4969 .
3052 4956 3064 4970 .
3105 4922 3468 4982 commissoque
3514 4922 3577 4969 ad
3624 4923 3811 4971 Horreo
3847 4923 4013 4982 Margo
4055 4923 4240 4984 proelio
4272 4927 4362 4971 ccl.

1115 5005 1434 5053 Marcellinus
1468 5020 1518 5055 a.
1560 5006 1681 5054 605.

1285 5090 1332 5151 5)
1378 5090 1510 5138 Alibi
1542 5103 1645 5137 non
1676 5095 1993 5140 moratur.

1285 5177 1332 5237 6)
1378 5177 1580 5225 Aristus
1616 5177 1931 5235 Illyricianae
1968 5177 2144 5226 ductor
2180 5177 2390 5225 militiae
2428 5214 2440 5225 .
2476 5213 2488 5226 .
2525 5214 2537 5227 .
2568 5213 2581 5228 .
2622 5183 2795 5227 contra
2832 5179 3071 5239 Bulgares
3095 5179 3353 5226 Thraciam
3391 5180 3711 5228 devastantes
3747 5181 4004 5242 profectus
4039 5187 4141 5230 est:
4182 5181 4367 5229 bellum

1113 5263 1258 5310 iuxta
1294 5263 1498 5310 Zurtam
1534 5262 1746 5310 fluvium
1783 5268 2065 5311 consertum
2102 5267 2193 5312 ccl.
2244 5263 2565 5312 Marcellinus
2600 5278 2650 5312 a.
2695 5267 2814 5314 699.

1287 5348 1334 5410 7)
1377 5349 1520 5397 Bella
1555 5348 1673 5397 hacc
1708 5354 1908 5398 enarrat
1947 5349 2271 5398 Maoecllinus
2307 5365 2354 5399 a.
2399 5351 2691 5400 502—504.

1285 5434 1332 5496 8)
1376 5433 1723 5496 Respiciamu-
1756 5449 1881 5496 quac
1914 5440 2091 5484 narrat
2128 5435 2450 5484 Marcellinus
2484 5452 2534 5486 a.
2562 5439 2697 5487 193.

1286 5520 1334 5582 9)
1379 5521 1630 5569 Romanus
1671 5558 1682 5569 .
1715 5559 1727 5571 .
1762 5557 1775 5571 .
1817 5522 2143 5570 et-Rusticus
2182 5560 2194 5572 .
2228 5558 2241 5572 .
2273 5558 2286 5572 .
2327 5523 2388 5570 ad
2434 5524 2742 5573 devastanda
2778 5524 2954 5572 Italiae
3003 5525 3150 5572 litora
3196 5531 3547 5586 processerunt
3586 5562 3598 5574 .
3630 5560 3643 5572 .
3675 5561 3687 5573 .
3731 5524 4044 5573 inhonestam
4094 5526 4366 5586 victoriam,

1115 5621 1262 5668 quam
1302 5606 1508 5669 piratico
1545 5620 1671 5654 ausu
1708 5607 1914 5654 Romani
1952 5621 2016 5655 ex
2053 5608 2288 5656 Romanis
2323 5615 2614 5672 rapuerunt,
2659 5611 2926 5658 Anastasio
2964 5609 3167 5657 Caesari
3204 5616 3522 5671 reportarunt
3561 5609 3879 5658 Marcellinus
3914 5626 3963 5659 a.
4006 5612 4123 5660 508.

1291 5693 1369 5753 10)
1413 5692 1701 5741 Vitalianus
1738 5693 1921 5753 Scytha
1968 5694 2249 5756 adsumptis
2286 5694 2616 5744 Romanorum
2667 5696 2897 5758 equitum
2935 5696 3263 5757 peditumque
3297 5697 3412 5758 plus
3448 5710 3596 5758 quam
3635 5708 3705 5744 nx
3742 5697 3946 5744 milibus
3983 5703 4276 5745 armatorum
4313 5698 4369 5748 in

1115 5778 1280 5829 triduo
1315 5785 1717 5846 congregatorum
1755 5780 1808 5830 in
1845 5781 2006 5830 locum
2045 5782 2134 5844 qui
2170 5781 2429 5843 Septimus
2466 5781 2649 5831 dicitur
2683 5781 2893 5832 advenit
2926 5782 3097 5847 ibique
3134 5787 3293 5834 castra
3329 5787 3547 5834 metatus
3583 5787 3661 5831 est
3699 5781 4020 5833 Marcellinus
4052 5797 4101 5834 a.
4144 5783 4261 5836 61⁴.
