4882 6775
1066 440 1144 503 18
2506 437 2868 496 IORDANIS

1057 626 1347 692 inlustris
1404 628 1582 714 apud
1626 627 1955 693 Caudinas
2016 627 2295 694 forculas
2354 648 2434 694 ex
2478 628 2604 695 hac
2647 634 2839 710 gente
2884 628 3104 693 clades
3148 627 3408 692 Veturio
3453 627 3902 710 Postumioque
3946 626 4316 693 consulibus

1059 736 1326 815 accepta
1384 737 1501 797 est.
1597 730 1847 796 clusum
1891 752 2007 816 per
2048 732 2322 797 insidias
2367 732 2538 798 intra
2581 752 2728 797 eum
2774 731 3010 796 saltum
3055 730 3442 812 exercitum,
3508 730 3679 796 unde
3725 751 3854 795 non
3897 737 4117 814 posset
4161 750 4315 795 eva-
4345 747 4504 788 morus
4538 746 4575 792 ι,
4600 746 4666 791 ιε.
4688 745 4731 785 10

1063 832 1238 913 dere,
1290 839 1557 918 stupens
1601 840 1782 900 tanta
1826 835 2195 901 occassione
2240 835 2373 900 dux
2416 834 2650 900 ostium
2680 833 2945 899 Pontius
2974 833 3322 899 Herineum
3369 840 3618 919 patrem
3664 833 4015 899 consuluit:
4068 839 4135 898 et
4174 832 4307 914 ille,
4343 860 4384 891 ο.
4418 851 4464 891 ιι

993 956 1018 996 4
1060 936 1343 1002 mitteret
1386 956 1606 1003 omnes
1650 939 1755 1002 vel
1801 938 2122 1004 occideret
2166 939 2527 1023 sapienter,
2593 945 2665 1005 ut
2708 938 2954 1020 senior,
3020 943 3340 1002 suaserat:
3411 937 3515 1003 hic
3558 936 3754 1002 armis
3799 943 4024 1001 exutos
4068 935 4319 1001 mittere

902 1044 1023 1104 146
1062 1039 1181 1104 sub
1226 1039 1449 1123 iugum
1493 1041 1752 1123 maluit,
1819 1047 1888 1106 ut
1948 1062 2067 1107 nec
2110 1041 2301 1107 amici
2346 1041 2555 1108 forent
2596 1040 2907 1108 beneficio
2952 1046 3018 1106 et
3060 1047 3205 1125 post
3248 1039 3561 1123 flagitium
3606 1040 3825 1105 hostes
3868 1039 4102 1121 magis,
4192 1038 4319 1104 ita-
4344 1066 4383 1095 c·
4417 1056 4466 1096 12

1059 1162 1184 1223 que
1245 1148 1309 1207 et
1368 1146 1668 1209 consules
1728 1144 1945 1211 statim
2005 1144 2346 1226 magnifice
2404 1144 2770 1210 voluntaria
2815 1143 3140 1209 deditione
3184 1142 3642 1227 turpitudinem
3688 1141 3968 1207 foederis
4014 1141 4320 1207 dirimunt
4519 1132 4527 1139 ⁴

1059 1253 1124 1311 et
1166 1246 1472 1311 ultionem
1516 1246 1818 1330 flagitans
1861 1247 2050 1312 miles
2096 1248 2353 1332 Papirio
2399 1248 2563 1313 duce
2605 1285 2691 1295 ——
2736 1246 2995 1312 orribile
3042 1246 3217 1312 dictu
3248 1283 3331 1293 —
3362 1246 3598 1311 strictis
3643 1245 3906 1311 ensibus
3950 1265 4065 1329 per
4107 1244 4317 1328 ipsam
4407 1284 4415 1309 .

1059 1347 1232 1414 viam
1275 1356 1425 1414 ante
1470 1370 1755 1435 pugnam
1799 1351 1924 1416 fuit
1965 1359 2030 1418 et
2072 1351 2140 1416 in
2186 1370 2533 1434 congressu
2579 1351 2817 1416 arsisse
2863 1350 3144 1415 omnium
3190 1351 3408 1414 oculos
3454 1349 3656 1414 hostis
3701 1355 3924 1414 auctor
3967 1349 4110 1415 fuit.
4196 1368 4315 1415 nec

1058 1451 1238 1536 prius
1283 1451 1430 1516 finis
1475 1452 1778 1518 caedibus
1826 1454 2051 1537 datus,
2118 1474 2309 1537 quam
2360 1453 2586 1538 iugum
2632 1453 2757 1519 sibi
2803 1452 3187 1538 promissum
3233 1452 3503 1518 Romani
3547 1458 3612 1518 et
3656 1450 3806 1518 duci
3851 1451 4208 1517 Samnitum
4253 1458 4318 1517 et

965 1577 1020 1617 ιο
1059 1553 1351 1620 hostibus
1394 1563 1835 1642 reposuerunt.

902 1664 1018 1723 147
1228 1656 1557 1723 Hactenus
1615 1678 1757 1724 cum
1815 1659 2087 1742 singuiis
2132 1660 2470 1743 gentibus,
2536 1678 2687 1724 mox
2732 1659 3127 1725 catervatim.
3222 1657 3315 1723 sic
3357 1665 3574 1724 tamen
3619 1677 3818 1740 coque
3863 1679 3982 1744 par
4025 1657 4386 1723 omnibus1.
4420 1674 4483 1719 Π.
4519 1675 4534 1713 1

1059 1758 1201 1825 fuit.
1294 1761 1701 1827 Etruscorum
1749 1762 2099 1828 duodecem
2146 1762 2403 1847 populi,
2471 1762 2717 1828 Vmbrii
2760 1762 2827 1826 in
2870 1761 2942 1826 id
2986 1768 3239 1845 tempus
3283 1761 3510 1826 intacti
3555 1761 4041 1845 antiquissimus
4086 1760 4318 1827 Italiae

1057 1864 1368 1948 populus,
1429 1865 1810 1931 Samnitium
1857 1866 2087 1949 reliqui
2130 1866 2198 1930 in
2243 1865 2564 1932 excidium
2610 1865 2878 1930 Romani
2924 1865 3200 1930 nominis
3247 1871 3511 1949 repente
3557 1865 3911 1930 coniurant.
4006 1871 4144 1930 erat
4188 1871 4319 1929 ter-
4346 1890 4386 1920 ο.
4413 1879 4441 1920 2

963 1991 1014 2030 ιι
1059 1987 1163 2031 ror
1227 1967 1458 2050 ingens
1525 1975 1616 2034 tot
1681 1968 1871 2034 simul
1937 1976 2383 2053 tantorumque
2450 1968 2855 2054 populorum.
2954 1968 3085 2034 late
3153 1988 3269 2052 per
3332 1967 3651 2032 Etruriam
3715 1966 3955 2033 infesta
4020 1972 4320 2048 quattuor

903 2077 1018 2138 148
1057 2070 1385 2157 agminum
1433 2070 1623 2155 signa
1666 2072 2043 2138 volitabant.
2110 2071 2446 2140 Geminius
2490 2072 2748 2137 interim
2794 2072 2999 2137 saltus
3040 2071 3109 2136 in
3155 2070 3387 2152 medio,
3441 2077 3590 2136 ante
3635 2070 3849 2135 invius
3894 2070 4088 2154 plane
4134 2069 4319 2152 quasi
4345 2095 4385 2125 c.
4416 2088 4442 2127 ³

1057 2172 1454 2257 Calydonius
1512 2176 1618 2240 vel
1663 2176 2090 2257 Herquinius‚
2143 2174 2307 2241 adeo
2331 2182 2557 2241 'terror
2600 2180 2771 2256 erat,
2832 2182 2903 2240 ut
2946 2181 3208 2240 senatus
3253 2174 3500 2239 consuli
3545 2173 3981 2256 denuntiaret,
4050 2193 4131 2238 ne
4175 2179 4319 2237 tan-

1057 2283 1190 2341 tum
1251 2277 1523 2361 periculi
1565 2277 1821 2362 ingredi
1851 2279 2159 2344 auderet.
2269 2279 2384 2344 sed
2446 2278 2605 2343 nihil
2654 2278 2878 2343 horum
2923 2277 3149 2344 terruit
3193 2277 3457 2360 ducem,
3522 2277 3679 2360 quin
3725 2276 3920 2343 fratre
3964 2275 4317 2361 praemisso
4346 2302 4384 2332 ο.
4416 2292 4441 2332 ⁴

1056 2381 1420 2464 exploraret
1474 2400 1797 2446 accessus.
1890 2382 2003 2447 ille
2061 2403 2176 2466 per
2235 2390 2486 2448 noctem
2539 2382 2853 2466 pastorali
2898 2380 3120 2447 habitu
3169 2382 3540 2465 speculatus
3585 2380 3819 2462 omnia,
3870 2379 4068 2446 refert
4109 2385 4314 2445 tutum

902 2491 1019 2550 149
1055 2483 1196 2547 iter.
1315 2484 1407 2548 sic
1473 2484 1715 2550 Fabius
1782 2486 2100 2551 Maximus
2175 2486 2788 2570 periculosissimum
2853 2486 3097 2550 bellum
3165 2484 3305 2550 sine
3371 2484 3658 2568 periculo
3724 2482 4054 2567 explicuit.
4168 2503 4315 2547 nam
4343 2508 4382 2538 c·
4411 2501 4439 2537 5

956 2610 1016 2652 20
1056 2587 1265 2652 subito
1323 2587 1682 2653 inconditos
1741 2596 1934 2671 atque
1994 2590 2291 2673 palantes
2357 2588 2707 2671 adgressus
2765 2595 2864 2654 est
2920 2588 3253 2671 captisque
3314 2587 3747 2671 superioribus
3806 2586 3978 2669 iugis
4035 2585 4104 2651 in
4164 2587 4318 2651 sub-

1053 2689 1254 2770 iectos
1312 2709 1428 2755 suo
1488 2691 1625 2756 iure
1685 2691 1997 2757 detonuit.
2093 2712 2172 2757 ea
2227 2712 2505 2773 namque
2566 2691 2817 2775 species
2863 2691 2986 2756 fuit
3027 2690 3205 2755 illius
3250 2690 3441 2769 belli,
3508 2690 3693 2772 quasi
3748 2689 3817 2754 in
3874 2689 4231 2772 terrigenas
4277 2711 4312 2755 e
4343 2717 4380 2742 c·
4410 2708 4436 2742 υ

1057 2793 1239 2858 caelo
1286 2814 1363 2860 ac
1408 2795 1685 2860 nubibus
1743 2796 1877 2860 tela
1935 2795 2320 2861 iacerentur.
2414 2815 2533 2861 nec
2588 2795 2922 2860 incruenta
2980 2801 3197 2858 tamen
3238 2794 3356 2858 illa
3399 2792 3686 2858 victoria.
3780 2813 3928 2857 nam
3974 2810 4318 2876 oppressus
4346 2818 4385 2847 e·
4416 2809 4440 2848 ⁷

1053 2895 1122 2960 in
1179 2896 1323 2961 sinu
1369 2896 1561 2961 vallis
1607 2898 1772 2962 alter
1817 2899 2144 2963 consolum
2198 2898 2438 2963 Decius
2485 2919 2659 2964 more
2704 2898 2913 2982 patrio
2961 2897 3262 2963 devotum
3310 2896 3436 2961 diis
3480 2896 3780 2961 manibus
3825 2895 4057 2979 optulit
4100 2903 4311 2982 caput,

935 2991 1016 3065 ⁴2⁴
1058 3000 1561 3083 sollemnemque
1607 3000 1893 3066 familiae
1939 3021 2098 3067 suae
2145 3001 2690 3068 consecrationem
2732 3002 2801 3066 in
2847 3001 3153 3067 victoriae
3200 3001 3516 3085 praetium
3562 2998 3831 3083 redegit.

898 3113 1015 3172 150
1225 3103 1518 3168 Necdum
1562 3104 1829 3169 Etrusco
1888 3105 2062 3171 bello
2121 3112 2419 3190 exempto
2481 3126 2631 3170 mox
2695 3104 2982 3188 sequitur
3025 3105 3480 3185 Tarentinum,
3542 3125 3738 3168 unum
3786 3102 4046 3185 quidem
4090 3103 4159 3168 in
4203 3124 4319 3168 no-
4349 3117 4385 3163 ¹·
4421 3117 4484 3163 ¹8·
4520 3117 4538 3157 ¹

1055 3205 1249 3289 mine,
1302 3207 1418 3273 sed
1463 3208 1802 3292 multiplex
1847 3208 1913 3272 in
1958 3209 2267 3274 victoriis.
2349 3210 2469 3274 hoc
2514 3208 2685 3274 enim
2732 3209 3098 3293 Campanos
3142 3207 3392 3292 Apulos
3439 3214 3631 3289 atque
3680 3208 3972 3271 Lucanos
4018 3211 4083 3270 et
4128 3213 4319 3290 caput

1052 3309 1210 3375 belli
1255 3310 1672 3395 Tarentinos,
1724 3311 1796 3376 id
1842 3318 1942 3377 est
1984 3318 2181 3377 totam
2227 3333 2393 3398 pene
2438 3312 2731 3393 Italiam,
2792 3318 2856 3376 et
2902 3332 3044 3376 cum
3090 3312 3196 3400 his.
3238 3312 3531 3376 omnibus
3575 3312 3843 3396 Pyrrum
3890 3310 4315 3375 clarissimum

1052 3413 1477 3497 Epyrotarum
1541 3414 1813 3481 Greciae
1874 3436 2093 3500 regem
2147 3437 2277 3481 una
2335 3417 2539 3482 veluti
2593 3417 2779 3482 ruina
2838 3416 3078 3501 pariter
3135 3416 3436 3499 involvit,
3502 3420 3572 3479 ut
3629 3413 3858 3480 eodem
3916 3420 4200 3498 tempore
4255 3420 4319 3480 et

901 3528 1003 3587 151
1053 3516 1307 3581 Italiam
1375 3526 1844 3584 consummaret
1910 3526 1974 3585 et
2036 3520 2499 3585 transmarinos
2563 3520 2919 3604 triumphos
2986 3519 3448 3602 auspicaretur.
3542 3520 3862 3583 Tarentus
3922 3516 4319 3582 Lacedemo-
4346 3542 4385 3571 ο.
4415 3531 4443 3571 2

953 3649 1014 3688 30
1054 3620 1303 3685 niorum
1348 3640 1545 3705 opus,
1612 3623 1953 3688 Calabriae
2012 3623 2332 3706 quondam
2393 3630 2460 3689 et
2501 3623 2777 3708 Apuliae
2837 3623 3157 3707 totiusque
3203 3621 3529 3687 Lucaniae
3577 3628 3805 3705 caput,
3872 3641 4012 3686 cum
4062 3619 4319 3702 magni-

1051 3723 1275 3789 tudine
1343 3732 1407 3789 et
1474 3725 1673 3790 muris
1741 3732 2054 3810 portuque
2113 3727 2346 3793 nobilis
2408 3733 2543 3792 tum
2601 3727 2883 3792 mirabili
2941 3727 3102 3805 situ,
3178 3725 3418 3811 quippe
3477 3726 3543 3791 in
3602 3725 3763 3810 ipsis
3822 3724 4060 3789 Adriae
4120 3723 4316 3789 maris
4342 3749 4382 3779 ο.
4412 3741 4438 3779 ³

1053 3824 1349 3893 faucibus
1415 3829 1625 3910 posita
1688 3829 1755 3893 in
1821 3849 2043 3895 omnes
2099 3837 2302 3895 terras
2358 3830 2666 3896 Histriam
2727 3830 3052 3914 Illyricum
3115 3830 3374 3914 Epyron
3431 3828 3747 3894 Achaiam
3804 3828 4091 3893 Africam
4154 3827 4317 3893 Sici-

894 3941 1013 4001 152
1053 3930 1208 3994 liam
1264 3931 1416 3995 vela
1482 3931 1762 3996 dimittit.
1859 3932 2148 3998 imminet
2211 3933 2421 4018 portui
2489 3932 2575 3997 ad
2642 3940 3047 4017 prospectum
3116 3933 3309 3996 maris
3375 3931 3651 4016 positum
3717 3931 4073 4012 theatrum,
4149 3928 4317 4013 quod

1051 4032 1311 4117 quidem
1380 4054 1575 4099 causa
1641 4035 1917 4101 miserae
1984 4036 2355 4119 cupiditatis
2422 4037 2546 4101 fuit
2610 4036 2891 4101 omnium
2958 4037 3414 4101 calamitatum.
3542 4034 3729 4099 ludos
3797 4034 3959 4099 forte
4026 4033 4316 4099 celebra-
4343 4061 4383 4090 c.
4412 4051 4453 4110 ‘¹⁴

951 4165 1012 4205 35
1049 4137 1195 4220 bat,
1275 4158 1420 4202 cum
1494 4138 1973 4219 adremigantes
2046 4139 2232 4205 litore
2276 4141 2630 4204 Romanam
2690 4140 2963 4204 classem
3024 4138 3245 4204 vident
3305 4145 3498 4220 atque
3556 4144 3761 4203 ostem
3819 4137 3942 4202 rati
4000 4137 4318 4203 aemicant

1050 4240 1189 4305 sine
1264 4238 1634 4307 discrimine
1710 4249 1774 4307 et
1844 4242 2179 4308 insultant.
2303 4243 2411 4325 qui
2489 4242 2659 4307 enim
2733 4248 2846 4308 aut
2918 4240 3090 4307 unde
3163 4242 3486 4306 Romani?
3587 4260 3707 4306 nec
3780 4240 3962 4306 satis.
4089 4238 4313 4306 aderat
4340 4269 4379 4298 c·
4411 4262 4438 4298 ⁵

1051 4343 1189 4409 sine
1257 4364 1435 4409 mora
1505 4345 1845 4427 querillam
1912 4345 2126 4411 ferens
2197 4346 2471 4430 legatio:
2540 4346 2725 4422 ,hanc
2798 4366 3046 4429 quoque
3108 4345 3296 4411 foede
3357 4367 3476 4431 per
3536 4346 3877 4411 obscenam
3938 4351 4314 4428 turpemque

1223 4579 1469 4627 HPVL
1509 4579 1771 4638 Freculfua
1811 4583 1857 4641 1,
1900 4587 1947 4642 4,
1993 4583 2056 4628 19
2093 4585 2138 4627 et
2173 4579 2333 4628 denuo
2373 4583 2437 4628 28
2480 4578 2563 4639 (29
2599 4581 2844 4628 Tarentus
2884 4606 2945 4615 —
2985 4579 3043 4629 31
3088 4581 3231 4641 situ).
3275 4607 3339 4616 —
3380 4578 3513 4627 Mur.
3551 4595 3604 4640 p.
3636 4579 3765 4628 229⁸
3800 4596 3847 4629 υ.
3880 4578 3943 4628 37
3982 4582 4262 4641 querillam.

1228 4716 1247 4765 1
1292 4731 1356 4764 ex
1394 4717 1485 4765 hac
1521 4715 1695 4784 gente]
1731 4724 1978 4779 exagente
2017 4718 2059 4766 L
2269 4719 2425 4766 cladis
2464 4719 2575 4766 libri
2806 4717 2834 4763 3
2874 4719 3166 4766 occansione
3206 4718 3296 4765 PV
3503 4717 3654 4765 duxit
3691 4719 3874 4766 ostium
3920 4718 4066 4779 (host.
4108 4718 4160 4780 V)
4194 4719 4308 4779 HV,

1049 4804 1221 4850 dun*
1260 4803 1480 4851 hostium
1520 4804 1606 4851 PL
1813 4801 2102 4871 herineum]
2139 4804 2295 4866 HPV,
2339 4806 2567 4851 crineum
2596 4803 2655 4866 L,
2701 4804 3013 4862 Herennium
3058 4806 3234 4852 Florus
3454 4802 3487 4851 4
3524 4805 3725 4852 msttere
3763 4817 3809 4854 0.
3851 4819 3902 4852 u.
3944 4804 4168 4852 occidere
4205 4804 4247 4851 L

1051 4895 1369 4950 persuaserat
1405 4891 1448 4938 L
1662 4894 1688 4939 7
1728 4893 1968 4954 pampirio
2005 4891 2059 4936 H
2263 4886 2477 4955 strictis]
2523 4891 2683 4937 tristis
2720 4889 2763 4937 L
2974 4889 3004 4939 8
3040 4904 3209 4950 pugna
3249 4890 3291 4937 L
3499 4889 3530 4937 9
3568 4889 3707 4937 ducis
3746 4889 3890 4936 HPV
4104 4891 4156 4938 11
4199 4891 4315 4937 hac·

1051 4971 1225 5040 tenus]
1262 4976 1293 5022 h
1341 4976 1558 5037 populns
1582 4990 1814 5025 romanus
1840 4978 1976 5025 Flor.
2119 4972 2435 5040 cateruatim]
2472 4977 2744 5024 aceruatim
2775 4977 2903 5025 Flor.
3047 4972 3227 5040 coque]
3253 4975 3364 5036 ΗΡ,
3408 4988 3608 5036 quoqne
3639 4975 3691 5033 V,
3733 4989 3828 5024 om.
3861 4976 3905 5022 L
4085 4975 4146 5024 13
4183 4989 4313 5023 sam-

1052 5063 1215 5108 nitum
1251 5061 1293 5108 L
1504 5060 1741 5129 nominis]
1778 5064 1952 5124 populi
1991 5063 2034 5109 L
2251 5062 2308 5111 14
2347 5063 2597 5110 ethuriam
2626 5061 2670 5109 L
2882 5061 2943 5111 16
2981 5058 3299 5126 calydonius]
3336 5061 3482 5109 HPV
3508 5063 3637 5110 Flor.
3673 5061 3862 5123 (Naz.)‚
3906 5063 4177 5110 calidonios
4206 5063 4249 5110 L

1051 5144 1374 5214 herquinius]
1414 5149 1554 5196 HPV
1579 5151 1710 5198 Flor.
1750 5149 1987 5210 (Bamb.),
2031 5151 2293 5210 erquinius
2319 5150 2378 5208 L,
2420 5148 2489 5208 cf.
2516 5164 2569 5208 p.
2604 5147 2683 5209 15,
2718 5147 2780 5197 18
2991 5146 3170 5215 terror]
3205 5154 3310 5196 tum
3343 5149 3497 5209 (tunc)
3529 5151 3703 5196 terrori
3732 5151 3910 5197 Florus
4127 5147 4186 5198 18
4223 5161 4312 5196 ex-

1051 5234 1245 5296 plorare
1271 5233 1416 5281 HPV
1620 5250 1852 5283 accensos
1889 5236 2002 5283 libri
2211 5233 2269 5283 21
2315 5248 2524 5283 suosure
2550 5234 2596 5280 P
2803 5234 2869 5283 24
2906 5235 3067 5282 redeit
3092 5235 3136 5281 L
3346 5234 3409 5282 25
3449 5248 3511 5282 ex
3551 5241 3784 5296 exempto
3824 5236 3862 5281 V
4067 5235 4134 5284 26
4171 5234 4314 5296 apul·

1051 5321 1122 5368 los
1145 5320 1208 5379 P,
1249 5321 1445 5382 apulios
1470 5321 1512 5369 L
1723 5320 1784 5369 27
1827 5323 2104 5370 tarentinos
2144 5321 2288 5368 HPV
2493 5334 2625 5382 pene
2662 5334 2759 5368 om.
2792 5322 2970 5367 Florus
3181 5319 3245 5369 28
3286 5321 3614 5382 Epyrotarum
3651 5334 3748 5370 om.
3781 5322 3956 5369 florus
4164 5336 4313 5369 unam

1051 5406 1199 5455 HPV
1403 5408 1608 5469 picriter
1651 5408 1694 5454 V
1910 5407 1975 5456 29
2013 5412 2291 5455 cosumaret
2327 5406 2370 5453 L
2581 5408 2862 5468 triumphos
2899 5413 3108 5457 transm.
3158 5407 3199 5453 V
3422 5406 3481 5454 31
3527 5407 3716 5454 nobiles
3754 5406 3867 5455 libre·
4076 5404 4313 5473 mirabili]

1049 5492 1193 5540 HPV
1216 5493 1392 5542 Roma
1425 5493 1659 5554 (Bamb.),
1702 5495 1933 5542 mirabile
1957 5494 2017 5553 L,
2059 5494 2300 5540 mirabilis
2339 5494 2518 5540 Florus
2550 5493 2711 5554 (an.)
2930 5493 3169 5541 Hadriani
3206 5494 3281 5540 vel
3318 5493 3592 5540 Hadriatici
3622 5493 3795 5540 Florus
4004 5494 4068 5542 33
4109 5496 4188 5542 uel
4224 5494 4312 5542 ad-

1051 5580 1209 5627 mittit
1246 5580 1299 5626 H
1502 5581 1729 5627 imminit
1763 5579 1863 5626 ΗΡ
2067 5574 2222 5644 quod]
2258 5592 2354 5640 quo
2390 5580 2445 5626 H
2669 5577 2734 5626 34
2771 5576 3091 5644 cupiditatis]
3127 5578 3256 5637 libri,
3298 5579 3495 5626 ciuitati
3534 5580 3711 5627 Florus
3921 5579 4236 5627 celebrabant
4271 5579 4313 5626 L

1050 5663 1116 5712 35
1154 5678 1352 5713 romana
1387 5667 1540 5713 classe
1577 5665 1692 5725 HV,
1736 5667 1976 5714 Romanas
2014 5666 2195 5714 classes
2236 5666 2410 5714 Florus
2621 5665 2684 5716 36
2722 5670 2771 5712 et
2809 5679 2905 5714 om.
2948 5665 3127 5714 Ftoruo
3335 5661 3446 5733 qui]
3482 5664 3604 5725 quid
3640 5664 3684 5714 L
3911 5664 3972 5713 37
4014 5679 4169 5728 coque
4207 5664 4251 5711 P

1053 5751 1197 5802 faede
1237 5751 1397 5812 HPV,
1440 5752 1554 5800 sede
1592 5752 1635 5802 L
1991 5767 2006 5774 ”
