4882 6775
353 1611 479 1659 'to

420 2135 478 2175 15

415 2648 477 2692 20

1994 478 2293 535 GETICA.
3692 485 3776 547 99

515 676 659 734 acta
704 668 965 734 Brittios
1010 678 1450 741 accesserunt:
1520 668 1627 734 ubi
1687 668 1799 733 diu
1859 669 2234 734 resedentes
2278 669 2365 733 ad
2412 668 2698 733 Siciliam
2747 676 2811 734 et
2857 669 3091 734 exinde
3136 670 3223 734 ad
3265 669 3523 736 Africae
3567 680 3773 737 terras
3817 671 4010 737 XXX

514 772 606 836 irc
652 770 1032 837 deliberant.
1128 771 1518 857 Bryttiorum
1567 773 1621 837 si
1667 772 1926 856 quidem
1971 772 2149 855 regio
2194 772 2260 837 in
2318 772 2622 838 extremis
2668 771 2900 837 Italiae
2956 772 3190 838 finibus
3250 774 3519 838 australi
3573 774 3775 839 inter-

515 876 732 940 iacens
776 875 945 959 parti
990 912 1077 923 —
1121 877 1403 958 angulus
1464 875 1602 941 eius
1647 875 1958 960 Appinini
2015 876 2249 941 montis
2308 875 2561 941 initium
2606 875 2759 941 fecit
2800 912 2887 924 —
2931 875 3296 959 Adriacque
3341 877 3616 961 pelagus
3660 897 3776 943 ve-

519 979 613 1042 lut
671 976 895 1060 lingua
953 986 1243 1063 porrecta
1300 998 1340 1042 a
1383 980 1673 1062 Tyrreno
1719 986 1903 1043 aestu
1948 978 2296 1062 seiungens
2341 998 2573 1044 nomen
2617 979 2938 1061 quondam
2984 1000 3025 1043 a
3069 979 3322 1062 Bryttia
3368 979 3626 1044 sortitus
3672 1000 3776 1045 re-

519 1081 691 1164 gina.
786 1080 879 1145 ibi
939 1101 1091 1164 ergo
1150 1080 1418 1147 veniens
1463 1082 1758 1147 Alaricus
1817 1102 1931 1147 rex
1975 1082 2488 1165 Vesegotharum
2545 1102 2685 1147 cum
2749 1081 2980 1167 opibus
3039 1081 3234 1147 totius
3279 1081 3543 1164 Italiae,
3609 1102 3771 1164 quas

517 1184 583 1248 in
626 1184 874 1268 praeda
919 1184 1301 1269 diripuerat,
1356 1194 1421 1250 et
1464 1184 1730 1266 exinde,
1785 1191 1854 1250 ut
1901 1185 2137 1250 dictum
2184 1193 2315 1267 est,
2378 1206 2495 1270 per
2540 1185 2827 1250 Siciliam
2874 1184 2958 1249 ad
3002 1184 3286 1249 Africam
3332 1185 3612 1268 quietam
3659 1206 3778 1270 pa-

517 1286 704 1353 triam
747 1287 1022 1352 transire
1070 1288 1436 1373 disponens.
1534 1288 1749 1369 cuius,
1817 1287 1973 1369 quia
2029 1307 2154 1353 non
2212 1296 2311 1353 est
2366 1289 2641 1354 liberum
2697 1287 3142 1370 quodcumque
3200 1287 3389 1353 homo
3440 1287 3578 1353 sine
3624 1296 3778 1354 notu

518 1390 624 1455 dei
655 1390 1060 1474 disposuerit,
1114 1390 1315 1456 fretus
1346 1390 1458 1456 ille
1489 1391 1816 1456 horribilis
1846 1392 2212 1474 aliquantas
2257 1411 2460 1458 naves
2505 1391 2869 1473 submersit,
2920 1390 3234 1475 plurimas
3279 1392 3681 1457 conturbavit
3698 1392 3769 1473 ¹).

517 1513 644 1575 qua
688 1492 1079 1559 adversitate
1126 1494 1437 1578 depulsus
1482 1494 1855 1577 HalaricuS,
1919 1494 2072 1559 dum
2120 1514 2372 1577 secum,
2436 1494 2592 1578 quid
2636 1501 2889 1577 ageret,
2951 1493 3367 1576 deliberaret,
3421 1494 3631 1559 subito
3675 1495 3777 1559 in-

519 1602 768 1660 matura
812 1603 1012 1661 morte
1057 1604 1445 1681 praeventus
1489 1598 1680 1661 rebus
1726 1597 2024 1662 humanis
2070 1598 2368 1663 excessit.
2463 1618 2652 1680 quem
2698 1597 2897 1662 nimia
2942 1597 3041 1662 sui
3087 1597 3429 1663 dilectione
3474 1599 3771 1681 lugentes

518 1700 798 1763 Busento
856 1719 1044 1764 amne
1105 1700 1284 1766 iuxta
1328 1700 1717 1766 Consentina
1778 1699 2037 1766 civitate
2098 1701 2179 1766 de
2239 1702 2427 1767 alveo
2489 1720 2603 1766 suo
2649 1700 2938 1767 derivato
2984 1738 3068 1747 -—
3112 1721 3261 1765 narn
3306 1701 3413 1765 hic
3456 1699 3692 1765 fluvius
3736 1721 3777 1765 a

518 1802 679 1887 pede
728 1802 958 1867 montis
1005 1802 1184 1868 iuxta
1228 1803 1449 1869 urbem
1497 1803 1789 1888 dilapsus
1832 1802 1975 1869 fluit
2018 1804 2192 1869 unda
2238 1804 2575 1870 salutifera
2619 1843 2706 1854 —
2749 1804 2941 1868 huius
3000 1823 3153 1887 ergo
3207 1804 3275 1868 in
3332 1804 3545 1869 medio
3603 1803 3775 1870 alvei

518 1905 787 1970 collecta
832 1905 1224 1991 captivorum
1270 1906 1531 1990 agmina
1577 1909 1987 1992 saepulturae
2032 1908 2241 1972 locum
2289 1907 2621 1990 effodiunt,
2671 1908 2740 1972 in
2786 1907 2965 1973 cuius
3012 1906 3240 1972 foveae
3285 1906 3601 1989 gremium
3640 1907 3777 1971 Ha-

517 2008 780 2073 laricum
828 2028 971 2073 curn
1017 2010 1252 2074 multas
1297 2030 1452 2094 opes
1498 2010 1804 2091 obruunt,
1871 2029 2215 2094 rursusque
2261 2032 2466 2093 aquas
2510 2011 2576 2076 in
2623 2029 2737 2075 suo
2783 2011 2968 2075 alveo
3014 2010 3428 2091 reducentes,
3498 2018 3563 2075 et
3608 2030 3688 2075 ne
3734 2032 3776 2075 a

517 2130 836 2193 quoquam
903 2112 1287 2195 quandoque
1355 2113 1534 2177 locus
1601 2121 2123 2197 cognosceretur,
2198 2115 2476 2179 fossores
2536 2133 2757 2179 omnes
2814 2113 3304 2194 interemerunt,
3378 2133 3776 2195 regnumque

516 2214 1024 2297 vesegotharum
1100 2215 1406 2280 Atauulso
1475 2216 1613 2281 eius
1689 2217 2165 2299 consanguineo
2239 2224 2302 2281 et
2375 2217 2580 2281 forma
2651 2224 2989 2299 menteque
3065 2216 3407 2301 conspicuo
3480 2215 3767 2293 tradent,

517 2337 664 2381 nam
711 2325 848 2382 erat
893 2318 1189 2400 quamvis
1234 2339 1360 2383 non
1404 2319 1569 2385 adeo
1614 2319 1993 2404 proceritate
2039 2327 2322 2385 staturae
2370 2320 2702 2402 formatae,
2763 2326 3070 2403 quantum
3115 2317 3593 2404 pulchritudine
3639 2338 3779 2383 cor-

517 2420 686 2505 poris
731 2421 1041 2504 vultuque
1087 2421 1377 2486 decorus.

688 2524 811 2602 Qui
858 2534 1155 2609 suscepto
1199 2545 1397 2609 regno
1443 2532 1770 2591 revertens
1815 2525 1969 2590 item
2016 2526 2101 2590 ad
2147 2526 2450 2609 Romam,
2506 2526 2562 2591 si
2605 2525 2764 2609 quid
2807 2526 3080 2610 primum
3126 2533 3542 2605 remanserat,
3593 2545 3772 2590 more
3802 2496 4031 2587 XXXI
4067 2526 4186 2587 159

518 2628 905 2692 locustarum
951 2627 1166 2709 erasit,
1218 2648 1338 2694 nec
1384 2635 1632 2693 tantum
1678 2628 1945 2713 privatis
1992 2628 2234 2694 divitiis
2279 2629 2536 2694 Italiam
2581 2628 2889 2713 spolians,
2940 2628 3137 2693 immo
3183 2635 3248 2693 et
3290 2627 3601 2712 publiciS,
3653 2627 3777 2692 im-

517 2737 807 2815 peratore
852 2730 1129 2795 Honorio
1174 2731 1337 2795 nihil
1382 2731 1680 2797 resistere
1727 2732 2175 2816 praevalente,
2247 2731 2431 2797 cuius
2491 2739 2556 2797 et
2598 2752 2972 2815 germanam
3019 2730 3376 2796 Placidiam
3423 2728 3776 2795 Theodosii

517 2833 917 2917 imperatoris
961 2854 1042 2899 ex
1086 2834 1292 2899 altera
1335 2855 1532 2900 uxore
1576 2835 1776 2899 filiam
1822 2836 1906 2900 ab
1953 2836 2108 2901 urbe
2155 2835 2477 2919 captivam
2522 2834 2811 2900 abduxit.
2891 2854 3084 2918 quam
3129 2840 3345 2900 tamen
3388 2834 3468 2899 ob
3516 2833 3772 2916 generis

516 2936 909 3001 nobilitatem
979 2936 1305 3020 sormeque
1371 2937 1852 3023 pulchritudine
1918 2945 1983 3003 et
2046 2938 2415 3022 integritate
2490 2938 2803 3003 castitatis
2874 2937 3236 3002 adtendens
3305 2936 3372 3001 in
3430 2937 3593 3001 Foro
3653 2936 3778 3001 Iuli

516 3040 828 3105 Aemiliae
875 3039 1132 3106 civitate
1179 3061 1294 3106 suo
1339 3041 1740 3106 matrimonio
1786 3041 2072 3124 legitime
2119 3040 2479 3126 copulavit,
2546 3048 2616 3105 ut
2672 3049 2900 3125 gentes
2953 3041 3076 3105 hac
3120 3040 3428 3106 societate
3474 3047 3778 3124 conperta

686 3318 738 3364 H
765 3317 808 3364 P
838 3318 879 3363 V
900 3318 942 3366 L
969 3319 1012 3364 A
1040 3317 1077 3364 S
1108 3318 1228 3379 (finit
1260 3317 1320 3367 10
1347 3319 1609 3377 humanis;
1641 3321 1814 3379 incipit
1839 3333 2011 3367 rursus
2041 3318 2101 3367 15
2127 3332 2465 3380 regnumque;
2510 3319 2619 3381 finit
2650 3317 2709 3367 16
2737 3318 2952 3378 tradent)
2989 3318 3031 3365 O
3059 3318 3103 3364 B
3128 3318 3176 3365 X
3202 3317 3265 3377 (Y
3291 3316 3371 3378 Ζ).
3454 3315 3641 3367 Paulus
3665 3316 3697 3363 l.
3729 3330 3773 3364 c.

522 3405 602 3468 (ad
630 3405 689 3454 15
719 3406 1098 3466 interemerunt)
1128 3410 1174 3453 et
1202 3407 1281 3464 19,
1316 3409 1381 3454 15
1413 3406 1495 3466 (15
1522 3420 1835 3468 regnumque
1858 3433 1926 3442 —
1950 3405 2015 3455 24
2041 3407 2307 3468 copulavit)
2338 3412 2382 3454 et
2406 3406 2517 3457 hiat.
2548 3405 2709 3466 Lany.
2742 3407 2791 3466 2,
2823 3408 2888 3453 17
2920 3405 2968 3466 <4
2996 3419 3175 3453 nomen
3198 3430 3269 3438 —
3292 3403 3508 3463 regina).

693 3560 713 3610 1
755 3556 979 3627 brittios]
1015 3560 1110 3608 HL
1124 3561 1174 3622 Y,
1216 3562 1429 3621 bryttios
1468 3560 1576 3620 PV,
1618 3562 1794 3610 britios
1831 3562 1934 3623 ΒΧ,
1978 3562 2162 3609 bricios
2200 3562 2332 3611 ASO
2605 3557 2918 3626 resedentes]
2954 3559 3115 3620 HPV,
3154 3558 3435 3606 residentes
3472 3556 3770 3616 LAOBXY,

516 3647 846 3695 ressisdentes
870 3649 908 3697 S
1115 3647 1174 3694 ad
1211 3661 1306 3697 om.
1338 3650 1383 3695 A
1592 3654 1643 3695 et
1678 3661 1773 3696 om.
1808 3647 1900 3695 OB
2108 3643 2194 3713 ad]
2230 3650 2283 3695 in
2309 3649 2358 3695 X
2370 3648 2468 3707 YZ,
2508 3661 2604 3696 om.
2637 3647 2728 3695 LA
2938 3647 3116 3694 africae
3153 3634 3320 3693 terras*
3340 3646 3410 3693 ire
3435 3639 3563 3708 del.]
3599 3643 3777 3691 africae

517 3735 727 3781 transire
765 3735 863 3782 del.
905 3736 965 3795 A,
1009 3734 1227 3781 affricam
1265 3735 1476 3781 transire
1514 3733 1610 3782 del.
1660 3733 1766 3793 OB,
1807 3736 2023 3781 affricam
2068 3736 2182 3790 (om.
2212 3735 2324 3796 rel.)
2365 3735 2402 3782 S
2656 3732 2685 3781 2
2725 3734 3011 3781 brittiorum
3049 3733 3095 3778 X
3108 3731 3206 3791 YZ,
3246 3731 3535 3778 brictiosum
3574 3727 3632 3790 L,
3675 3730 3779 3776 bri-

517 3822 698 3867 tiorum
740 3820 844 3879 OB,
888 3821 1154 3868 briciorum
1191 3821 1252 3881 A,
1295 3821 1576 3867 bruciorum
1614 3818 1652 3866 S
1892 3815 2050 3885 regio]
2089 3821 2228 3868 nacio
2268 3822 2313 3868 A
2557 3820 2759 3867 australi
2796 3832 2894 3868 om.
2925 3817 3059 3865 SOB
3303 3814 3332 3863 3
3371 3819 3501 3877 parti
3538 3810 3780 3880 angulus]

516 3912 655 3967 parte
693 3907 898 3966 angulos
936 3906 1038 3967 SO,
1081 3911 1222 3967 parte
1259 3906 1551 3966 angulorum
1588 3906 1632 3952 Β
1921 3902 2175 3972 appinini]
2217 3906 2370 3968 HPV,
2415 3907 2649 3968 apinnini
2687 3905 2745 3966 L,
2788 3905 3064 3967 appennini
3101 3903 3351 3965 AOBXY,
3395 3901 3637 3964 apennini
3675 3899 3713 3947 S

515 3989 659 4058 fecit]
697 3992 986 4054 HPVSOB,
1029 3992 1149 4040 facit
1187 3990 1380 4039 LAXY
1599 3992 1806 4053 pelagus
1844 3986 2010 4057 uelut]
2045 3993 2277 4054 pelagum
2314 3999 2374 4040 ut
2407 3991 2542 4041 SOB
2770 3990 2797 4039 4
2839 3992 3010 4050 lingua
3044 4003 3140 4037 om.
3172 3988 3215 4036 L
3441 3988 3628 4047 tyrrino
3669 3986 3711 4034 O

519 4080 705 4127 bruttia
740 4076 844 4138 SO,
885 4080 1057 4126 brittia
1095 4079 1143 4126 Χ
1153 4078 1250 4138 YZ,
1293 4078 1443 4125 britia
1479 4076 1588 4138 LB,
1633 4078 1782 4124 bricia
1818 4079 1864 4124 A
2097 4080 2302 4125 sortitur
2338 4077 2433 4125 AB
2668 4077 2697 4125 5
2735 4091 2826 4124 rex
2861 4089 2959 4124 om.
2991 4075 3076 4125 SO
3307 4074 3678 4133 uesigotharum
3715 4072 3776 4134 L,

519 4165 913 4225 uuisigothorum
950 4165 999 4211 X
1011 4164 1090 4211 ΥΖ
1297 4177 1414 4225 opes
1452 4164 1537 4212 SO
1746 4162 1777 4211 6
1816 4164 2044 4225 praedam
2083 4165 2128 4211 A
2338 4164 2654 4226 diripuerant
2679 4149 2750 4211 Ab
2781 4164 2899 4224 (-rat
2924 4161 3013 4222 A‘)
3229 4167 3281 4209 et
3316 4174 3413 4208 om.
3443 4159 3488 4206 Β
3695 4155 3780 4224 ad]

518 4254 575 4299 in
611 4250 743 4298 SOB
951 4251 1199 4312 quietram
1236 4250 1300 4310 H,
1343 4251 1430 4312 qui
1467 4251 1617 4297 etiam
1657 4249 1716 4309 L,
1761 4254 1966 4311 quetam
2011 4250 2053 4297 O
2264 4249 2292 4297 7
2331 4245 2627 4316 disponens]
2664 4251 2885 4310 disponit
2911 4248 3005 4296 AB
3213 4241 3353 4312 quia]
3389 4259 3539 4307 quam
3576 4245 3713 4292 XYZ

519 4333 664 4402 notu]
700 4336 859 4398 HPV,
902 4343 1030 4384 nutu
1067 4337 1154 4385 rel.
1387 4333 1416 4384 8
1453 4336 1768 4398 disposuerat
1804 4333 1878 4383 Αιι
2087 4336 2274 4384 fretum
2311 4336 2434 4384 illud
2472 4336 2705 4383 horribile
2743 4334 2938 4382 ABXY
3139 4346 3271 4381 naue
3308 4330 3383 4380 Αιι
3591 4331 3622 4381 9
3658 4327 3782 4398 qua]

519 4424 605 4485 qui
639 4423 695 4482 S,
737 4422 855 4484 quia
893 4423 935 4469 B
1161 4423 1393 4484 repulsus
1432 4421 1477 4468 Β
1706 4417 1848 4487 dum]
1884 4422 1945 4468 de
1982 4422 2022 4471 S
2247 4422 2487 4471 deliberat
2523 4424 2569 4469 A
2801 4420 2862 4469 10
2898 4425 3177 4482 prouentus
3217 4417 3263 4465 P
3484 4432 3596 4467 exc.
3635 4418 3777 4467 hum.

519 4509 648 4557 SOB
857 4510 936 4556 sui
974 4521 1068 4556 om.
1105 4508 1193 4556 OB
1406 4506 1462 4556 11
1505 4510 1721 4556 busento
1760 4504 1931 4573 amne]
1965 4509 2173 4556 basento
2212 4522 2359 4556 amne
2394 4506 2788 4567 HPVLAXYZ,
2829 4507 3097 4555 barentum
3133 4518 3330 4553 amnem
3371 4504 3495 4552 OB.-
3533 4505 3781 4552 Basentus

523 4595 716 4643 Paulus
754 4596 837 4656 13,
875 4595 941 4644 28
978 4609 1036 4642 ea:
1074 4594 1208 4642 Iord.
1424 4594 1736 4659 comsentina
1771 4594 1984 4642 ciuitate
2021 4592 2179 4655 HPV,
2223 4596 2567 4642 consentinam
2605 4594 2865 4641 ciuitatem
2903 4591 3141 4641 LAOBX
3154 4592 3191 4639 Y
3391 4591 3679 4638 diriuantur
3717 4590 3775 4652 O,

519 4681 814 4728 deriuantur
851 4679 896 4726 Β
1111 4679 1170 4729 12
1209 4687 1405 4728 montes
1442 4679 1484 4727 L
1562 4691 1576 4705 ·
1692 4680 1838 4727 iuxta
1873 4693 1970 4727 om.
2002 4677 2044 4725 L
2257 4674 2394 4745 nuit]
2431 4681 2532 4728 fuit
2556 4678 2686 4728 P‘10
2894 4679 3031 4727 unda
3066 4677 3333 4727 sulutifera
3369 4677 3432 4735 H,
3478 4677 3659 4724 undam
3697 4691 3780 4725 aa·

521 4769 776 4815 lutiferam
818 4766 860 4815 O
1068 4767 1215 4815 alueo
1256 4765 1394 4813 OBX
1405 4766 1446 4813 Y
1654 4763 1714 4813 13
1752 4764 1957 4813 collecto
1991 4779 2035 4813 c.
2077 4766 2277 4824 agmine
2318 4764 2461 4813 OBX
2472 4765 2513 4812 Y
2711 4766 2807 4813 loci
2849 4765 2891 4812 O
3099 4765 3315 4812 fouueae
3357 4762 3415 4824 O,
3458 4763 3604 4810 foueo
3640 4760 3712 4809 B·

520 4848 787 4919 gremium]
824 4853 1010 4912 gremio
1036 4851 1239 4912 ABXY,
1282 4851 1444 4899 medio
1472 4849 1514 4897 L
1725 4851 1903 4899 alarico
1932 4850 1992 4910 O,
2035 4851 2218 4898 alicum
2246 4849 2334 4912 B‘,
2376 4850 2600 4898 aliricum
2630 4837 2700 4896 Bb
2913 4847 2976 4897 14
3015 4848 3189 4896 multis
3226 4849 3404 4910 opibus
3438 4847 3686 4910 (operibus
3716 4848 3773 4909 O)

519 4939 711 4988 AOBX
722 4939 763 4986 Y
985 4938 1241 4986 subruunt
1277 4937 1417 4984 XYZ
1660 4950 1736 4997 aq.
1779 4938 1832 4984 in
1872 4951 2019 4985 suum
2055 4936 2257 4984 alueum
2297 4936 2444 4985 AOX
2453 4935 2503 4996 Y,
2546 4937 2598 4983 in
2637 4949 2785 4983 suum
2823 4935 3023 4983 alueum
3061 4948 3139 4996 aq.
3185 4934 3231 4981 B
3471 4940 3525 4982 et
3560 4947 3656 4983 om.
3687 4932 3783 4981 AB

523 5025 584 5074 15
620 5026 757 5073 locus
780 5038 877 5073 om.
907 5023 997 5072 OB
1203 5024 1503 5071 interimunt
1529 5023 1571 5071 L
1785 5021 1845 5070 16
1883 5023 2284 5083 uuisigothorum
2310 5023 2466 5082 ΧΥΖ,
2497 5035 2592 5069 om.
2619 5023 2664 5069 A
2872 5021 3131 5068 athauulfo
3158 5021 3220 5077 Χ,
3251 5020 3474 5068 athaulfo
3502 5018 3710 5068 V‘LSO
3725 5020 3775 5082 Y,

519 5111 745 5161 athaulao
781 5111 825 5157 Β
1034 5105 1329 5175 menteque]
1367 5114 1532 5156 mente
1570 5108 1672 5166 80,
1715 5115 1765 5155 et
1802 5115 1972 5156 mente
2009 5108 2054 5155 Β
2263 5104 2486 5174 tradent]
2525 5105 2727 5167 HPVL,
2771 5106 2978 5155 tradunt
3013 5105 3300 5154 ASOBXY
3506 5104 3565 5154 17
3605 5119 3783 5167 quam-

518 5200 598 5247 uis
634 5212 732 5246 om.
762 5199 807 5245 A
1055 5194 1117 5244 19
1154 5202 1381 5244 reuertes
1421 5194 1463 5242 O
1689 5193 1825 5240 idem
1867 5193 1924 5254 O,
1966 5196 2151 5242 iterum
2189 5196 2250 5256 A,
2295 5198 2420 5242 recte
2455 5197 2629 5255 opinor
2850 5193 2909 5240 ad
2946 5206 3041 5240 om.
3073 5191 3249 5239 AXY·
3459 5195 3697 5240 remansit
3735 5193 3781 5239 A

520 5285 587 5334 20
622 5284 933 5332 lucustarum
970 5281 1015 5328 P
1241 5282 1460 5344 puplicis
1504 5279 1546 5326 O
1779 5278 1838 5327 21
1883 5281 2119 5328 resistere
2156 5293 2252 5329 om.
2284 5280 2328 5327 A
2561 5292 2852 5340 germanum
2890 5278 2948 5326 H
3165 5277 3410 5340 placidam
3447 5277 3699 5326 theodosio
3740 5276 3783 5324 O

519 5370 583 5420 22
620 5371 933 5432 imperatoris
968 5382 1066 5417 om.
1098 5369 1144 5415 A
1350 5367 1413 5415 ab
1447 5381 1544 5415 om.
1581 5364 1673 5413 OB
1881 5367 2098 5413 catinam
2142 5365 2185 5413 O
2393 5366 2606 5414 adduxit
2642 5365 2685 5413 L
2908 5363 2972 5413 23
3010 5362 3486 5426 pulc(h)ritudinem
3525 5362 3775 5424 AOBXY,

519 5456 851 5520 pulcridinem
878 5456 921 5504 L
1128 5454 1412 5502 intecritate
1451 5451 1508 5514 P,
1550 5452 1897 5511 integritatem
1935 5451 2128 5499 AOBX
2141 5452 2178 5498 Υ
2380 5448 2496 5517 iuli]
2534 5450 2663 5511 libri,
2703 5452 2824 5500 liuii
2858 5449 3008 5499 editio
3048 5450 3344 5498 Basilccmia
3552 5447 3617 5496 24
3653 5450 3781 5497 ciui-

519 5538 646 5608 tate]
687 5541 794 5603 OB,
853 5542 1118 5590 ciuitatem
1154 5538 1314 5601 HPV,
1369 5540 1598 5587 ciuitatis
1636 5537 1834 5598 LXYZ,
1891 5522 2071 5585 ciuitat
2107 5538 2149 5584 A
2361 5533 2445 5604 ut]
2481 5538 2570 5585 hac
2610 5535 2683 5585 Αιι
2893 5538 3063 5598 gentis
3104 5534 3194 5582 OB
3401 5549 3457 5583 ac
3499 5533 3541 5582 O

696 5782 741 5842 1)
784 5783 853 5844 et'.
900 5780 1102 5830 Orosius
1141 5783 1187 5840 7,
1231 5782 1312 5841 43,
1362 5783 1425 5829 12
1469 5778 1623 5842 (infra
1658 5794 1709 5841 ρ.
1743 5781 1840 5828 103
1876 5784 1980 5829 not.
2015 5783 2084 5838 1).

3266 5878 3370 5928 13*

3823 1088 3940 1147 157

3823 1598 3942 1661 158

3828 2836 3943 2896 160
