4882 6775
2003 478 2340 536 ROMANA.
3514 526 3517 527 γ
3712 482 3788 545 31

545 668 881 734 concessit.
960 668 1289 735 Hiberiam
1334 668 1630 735 similiter
1671 690 1814 735 cum
1860 670 2094 735 Artace
2140 690 2294 753 rege
2335 669 2403 734 in
2448 668 2841 735 deditionem
2887 668 3161 753 excepit.
3241 668 3598 735 Saracenos
3635 668 3800 733 Ara-
3835 670 3961 732 235

546 772 790 853 basque
863 792 1227 856 exuperans
1298 771 1788 838 Hierosolimam
1854 774 2097 839 Iudeae
2164 773 2536 857 captivavit.
2654 792 2797 837 cum
2864 772 3078 838 Persis
3158 770 3389 837 foedus
3467 789 3795 856 percusso.

545 881 872 939 revertens
926 874 1321 941 Dafnensem
1380 896 1609 958 agrum
1668 876 2083 942 Antiochenis
2145 876 2467 942 concessit
2531 876 2614 941 ob
2673 875 2936 941 nimiam
2995 875 3119 941 loci
3174 874 3631 940 amoenitatem
3685 894 3800 959 pro

545 997 806 1043 munere
832 980 870 1058 ¹)
889 1026 905 1042 .
3837 995 3862 1035 ⁴

133 1090 301 1132 riom„
329 1095 372 1140 a.
409 1095 468 1141 ιι.
497 1092 524 1134 2
720 1079 841 1144 His
900 1087 965 1146 et
1018 1079 1169 1145 aliis
1227 1081 1419 1147 rebus
1472 1081 1540 1146 in
1600 1080 1793 1166 Syria
1847 1082 2014 1148 bene
2073 1081 2277 1164 gestis
2336 1080 2526 1146 unius
2585 1079 2875 1146 foedavit
2930 1078 3225 1144 avaritia.
3316 1098 3467 1144 nam
3526 1078 3799 1145 Crassus
3836 1081 3960 1142 236

543 1183 802 1263 consul,
866 1181 1017 1248 dum
1077 1182 1371 1248 Parthico
1428 1183 1635 1249 inhiat
1692 1204 1884 1265 auro,
1950 1184 2251 1250 undecim
2312 1184 2602 1268 legiones
2660 1204 2826 1268 pene
2886 1202 3028 1248 cum
3097 1201 3213 1247 suo
3280 1181 3491 1267 capite
3556 1182 3793 1247 amisit.

296 1310 337 1338 c·
376 1300 437 1340 ιο.
470 1300 512 1340 ¹¹
545 1285 727 1350 cuius
770 1292 1116 1369 conspectu
1161 1293 1226 1352 et
1266 1286 1438 1352 filius
1482 1287 1824 1352 hostilibus
1867 1287 2016 1353 telis
2060 1288 2334 1353 effossus
2380 1294 2446 1352 et
2490 1287 2631 1371 ipse
2677 1291 3046 1371 peremptus
3091 1291 3410 1369 caputque
3440 1283 3580 1349 eius
3610 1304 3800 1369 prae-

542 1388 743 1452 cisum
805 1408 948 1452 cum
1009 1388 1274 1454 dextera
1332 1410 1526 1455 manu
1569 1390 1655 1455 ad
1699 1410 1916 1474 regem
1962 1397 2351 1474 reportatum
2397 1390 2746 1455 ludibrium
2792 1388 2913 1454 fuit
2954 1408 3162 1472 neque
3205 1387 3504 1470 indigno:
3572 1407 3798 1452 aurum

543 1490 714 1556 enim
773 1491 1086 1574 liquidum
1142 1491 1210 1556 in
1267 1492 1490 1557 rictum
1553 1493 1681 1558 oris
1739 1493 2023 1559 infusum
2084 1500 2215 1575 est,
2285 1499 2355 1558 ut
2415 1493 2599 1559 cuius
2644 1492 2898 1558 animus
2943 1495 3192 1555 arserat
3233 1490 3374 1555 auri
3419 1489 3789 1574 cupiditate,

543 1593 683 1658 eius
743 1593 937 1658 etiam
996 1601 1312 1659 mortuum
1368 1602 1434 1661 et
1489 1615 1822 1679 exsangue
1874 1615 2106 1680 corpus
2150 1615 2306 1660 auro
2350 1602 2662 1661 ureretur.
2757 1593 2989 1677 reliqui
3034 1613 3183 1659 vero
3227 1592 3505 1658 infelicis
3549 1592 3799 1658 exerci-
3843 1613 3898 1653 ιο

540 1704 644 1761 tus
665 1748 680 1777 ,
744 1716 870 1779 quo
915 1716 1232 1781 quemque
1278 1698 1494 1781 rapuit
1537 1698 1727 1782 fuga,
1787 1699 1856 1764 in
1899 1698 2268 1764 Armeniam
2314 1698 2623 1764 Celiciam
2670 1698 3053 1781 Syriamque
3099 1694 3394 1761 distracti
3439 1694 3546 1760 vix
3590 1694 3797 1760 cladis

541 1804 756 1864 tantae
799 1799 1090 1865 nuntium
1133 1801 1512 1866 retulerunt.

230 1896 523 1991 {2⁰33}ss
720 1902 859 1966 Hac
901 1921 1055 1984 ergo
1099 1902 1285 1967 clade
1315 1902 1537 1967 Parthi
1581 1902 1774 1967 altius
1817 1903 2066 1969 animos
2096 1904 2427 1969 elevantes
2458 1922 2573 1986 per
2602 1903 2909 1967 Pacorum
2940 1900 3168 1966 ducem
3198 1899 3454 1984 Syriam
3484 1899 3799 1965 invadunt
3832 1903 3957 1964 237

453 2022 466 2031 ·
542 2003 896 2087 ducemque
957 2004 1333 2086 Labinium,
1405 2024 1595 2088 quem
1662 2005 1903 2070 dudum
1963 2012 2301 2091 ceperant,
2377 2004 2687 2071 exercitui
2753 2011 3222 2089 praeponentes
3281 2010 3503 2068 contra
3562 2003 3790 2085 socios,

538 2105 608 2171 id
680 2113 780 2171 est
849 2107 1169 2172 Romanos
1241 2107 1308 2172 in
1381 2107 1621 2191 proelio
1694 2107 2003 2192 dirigunt.
2103 2108 2223 2174 sed
2294 2107 2636 2173 Ventidius
2710 2108 2953 2172 Bassus
3027 2108 3259 2172 Persas
3334 2106 3453 2171 sub
3527 2111 3795 2187 utroque
3841 2124 3897 2164 ιτ»

537 2208 702 2273 duce
731 2208 985 2292 Syriam
1029 2210 1411 2294 populantes
1457 2217 1790 2294 superatos
1835 2212 2083 2294 effugat
2111 2211 2575 2294 Labiniumque
2618 2209 2958 2290 interfecit,
3008 2210 3320 2275 Pacorum
3366 2228 3517 2273 vero
3546 2207 3795 2291 regium

535 2310 834 2377 iuvenem
877 2312 1026 2377 telis
1072 2312 1355 2394 undique
1413 2314 1906 2397 circumseptum
1962 2313 2236 2379 extinxit
2292 2333 2568 2396 moxque
2627 2319 2825 2398 caput
2881 2312 3021 2377 eius
3083 2311 3340 2394 dempto
3402 2316 3467 2376 et
3523 2310 3797 2376 circum-

538 2414 666 2479 lato
719 2434 835 2498 per
891 2415 1084 2480 urbes
1141 2435 1266 2497 que
1332 2414 1723 2481 disciverant
1780 2416 2036 2500 Syriam
2104 2417 2245 2482 sine
2310 2417 2486 2481 bello
2552 2416 2816 2500 recepit.
2913 2415 3009 2480 sic
3066 2413 3477 2481 Crassianam
3544 2413 3794 2478 cladem

389 2532 508 2573 lord-
539 2517 874 2583 Ventidius
933 2517 1156 2583 Pacori
1216 2523 1409 2602 caput
1467 2518 1846 2600 Labiniique
1905 2525 2104 2585 morte
2165 2519 2482 2603 pensavit.
2542 2519 2567 2603 ΙΙ
2621 2538 2742 2584 nec
2801 2518 2895 2583 sic
2952 2523 3286 2583 contentus
3343 2517 3622 2601 populus
3667 2516 3798 2581 Ro-
3833 2519 3957 2580 238

323 2635 434 2676 aar.
468 2637 516 2677 ιε
543 2639 770 2685 manus
827 2620 1171 2686 Crassiano
1232 2620 1488 2686 interitu
1548 2621 1840 2687 oblivisci
1896 2621 2023 2686 nisi
2079 2621 2293 2687 adhuc
2352 2620 2562 2686 saevit
2617 2621 2685 2685 in
2730 2620 3023 2685 Parthos.
3089 2621 3114 2704 ΙΙ
3172 2639 3320 2683 nam
3365 2620 3621 2683 Marcus
3663 2619 3800 2682 An-
3837 2621 3962 2683 239

537 2722 748 2787 tonius
790 2722 857 2786 in
902 2722 1248 2788 Madianea
1306 2723 1639 2806 ingressus
1699 2729 1918 2789 contra
1976 2743 2087 2789 eos
2132 2744 2314 2789 arma
2358 2723 2734 2803 commovit,
2802 2723 2915 2788 ubi
2976 2722 3250 2805 primum
3296 2740 3407 2787 eos
3452 2740 3786 2806 superans,
3833 2740 3887 2781 αι

538 2825 806 2906 dehinc,
882 2845 1024 2891 cum
1094 2825 1345 2892 duabus
1403 2825 1768 2910 legionibus
1819 2826 2039 2892 inedia
2098 2826 2439 2909 hiemeque
2500 2831 2835 2909 corruptus
2890 2825 3000 2889 vix
3055 2825 3122 2889 in
3180 2823 3487 2889 Armenia
3545 2823 3799 2888 Parthis

386 2955 428 2985 ο.
463 2945 512 2985 1⁹
540 2927 954 3009 sequentibus
1012 2928 1180 3011 fugit
1237 2928 1458 3010 ibique
1517 2935 1775 3014 ereptus
1841 2937 1961 2995 est.
2078 2930 2197 2995 sub
2257 2930 2550 3012 Augusto
2616 2928 2853 2994 dehinc
2911 2928 3268 2993 Octaviano
3324 2927 3589 2993 Armeni
3654 2946 3800 2992 cum
3837 2931 3961 2992 240

534 3030 786 3096 Parthis
845 3031 1167 3096 commixti
1211 3051 1327 3115 per
1370 3032 1714 3098 Claudium
1759 3033 2108 3098 Caesarem
2153 3039 2453 3117 nepotem
2499 3032 2777 3115 Augusti
2821 3031 3001 3096 ocius
3047 3038 3453 3115 superantur.
3533 3029 3797 3094 Armeni

536 3132 595 3197 si
623 3132 880 3215 quidem
912 3134 1133 3199 utilius
1165 3135 1289 3200 rati
1319 3136 1745 3200 Romanorum
1777 3135 2078 3201 amicitiis
2124 3135 2527 3201 reconciliari
2574 3143 2640 3200 et
2681 3134 2971 3219 proprias
3016 3133 3207 3200 sedes
3252 3133 3553 3215 incolere,
3604 3152 3798 3215 quam
3836 3152 3900 3193 25

535 3255 679 3300 cum
722 3236 980 3323 Parthis
1025 3236 1344 3302 coniuncti
1387 3244 1452 3303 et
1498 3239 1689 3304 sedes
1736 3238 2003 3323 perdere
2050 3246 2116 3305 et
2161 3241 2480 3304 Romanos
2527 3237 2797 3303 infestos
2842 3237 3103 3302 habere.

388 3355 510 3398 ποια.
711 3338 818 3404 Sic
884 3360 1135 3423 quoque
1203 3340 1356 3406 dum
1421 3340 1488 3406 in
1554 3341 1845 3426 partibus
1904 3341 2312 3408 orientalium
2370 3342 2696 3407 Romanus
2761 3340 3011 3407 laborat
3066 3337 3423 3421 exercitus,
3489 3338 3799 3405 occiduae
3836 3343 3953 3405 241

123 3458 282 3500 ηοω,
311 3462 353 3507 ⁴.
392 3459 456 3507 ια.
485 3462 510 3501 ⁴
538 3442 775 3526 plagae
831 3443 1050 3508 infesti
1094 3449 1260 3508 sunt.
1322 3444 1346 3528 ΙΙ
1399 3443 1615 3509 Norici
1659 3443 1730 3508 in
1774 3444 2052 3528 Alpibus
2097 3444 2349 3510 Noricis
2395 3444 2761 3510 habitantes
2814 3443 3196 3520 credebant,
3262 3441 3448 3525 quasi
3492 3441 3561 3506 in
3605 3460 3799 3526 rupes

536 3551 601 3610 et
658 3545 841 3610 nives
901 3546 1142 3611 bellum
1200 3566 1327 3611 non
1383 3553 1608 3630 posset
1651 3546 2037 3612 ascendere:
2107 3546 2223 3613 sed
2268 3567 2417 3612 mox
2463 3566 2683 3612 omnes
2729 3545 2907 3611 illius
2954 3545 3237 3611 cardinis
3281 3545 3551 3629 populos
3595 3545 3800 3609 Bren-

532 3667 649 3712 nos
707 3647 1056 3713 Teutonios
1070 3650 1112 3728 2)
1193 3648 1445 3714 Cennos
1511 3656 1704 3731 atque
1768 3649 2174 3731 Vendilicos,
2246 3670 2362 3734 per
2426 3649 2656 3715 eodem
2722 3649 2994 3715 Claudio
3061 3649 3404 3714 Gaesarem
3472 3648 3798 3712 Romanus
3837 3670 3899 3710 30

412 3781 453 3809 c.
483 3770 509 3809 ε
537 3750 692 3817 vicit
733 3750 1076 3817 exercitus.
1168 3772 1338 3835 quae
1381 3757 1597 3817 tamen
1642 3752 1835 3818 fuerit
1878 3753 2261 3837 Alpinarum
2306 3752 2597 3836 gentium
2643 3752 2867 3818 feritas
2888 3803 2903 3834 ,
2963 3751 3156 3817 facile
3201 3756 3303 3816 est
3345 3750 3452 3816 vel
3497 3770 3611 3833 per
3654 3770 3797 3814 mu-

536 3853 728 3918 lieres
772 3853 1140 3936 ostendere,
1208 3874 1374 3938 quae
1421 3854 1869 3921 deficientibus
1915 3855 2065 3922 telis
2111 3855 2393 3922 infantes
2440 3875 2592 3921 suos
2638 3854 2928 3920 adflictos
2987 3854 3169 3919 humi
3224 3853 3291 3919 in
3352 3873 3464 3918 ora
3522 3852 3796 3917 militnm

415 3985 454 4015 ο.
484 3977 510 4015 a
537 3956 813 4022 adversa
855 3957 1186 4022 miserunt.
1251 3958 1276 4042 ΙΙ
1337 3977 1456 4023 nec
1509 3958 1787 4023 minores
1833 3959 1937 4024 his
1982 3958 2256 4025 saevitia
2300 3958 2487 4044 Illyri
2537 3960 2778 4044 pariter
2821 3957 3281 4023 accenduntur.
3375 3962 3596 4022 contra
3637 3974 3797 4037 quos
3833 3961 3958 4021 242

413 4089 454 4118 0.
485 4079 508 4118 7
536 4057 678 4143 ipse
722 4059 1054 4142 Augustus
1099 4080 1136 4125 e
1178 4059 1391 4126 vicino
1437 4079 1738 4145 egressus
1783 4068 2078 4146 pontem,
2131 4062 2303 4129 unde
2347 4081 2556 4145 aquas
2598 4061 2918 4143 transiret,
2969 4059 3110 4126 fieri
3151 4058 3515 4144 imperavit.
3609 4058 3796 4124 dum-

707 4406 760 4451 Η
780 4377 826 4452 P
855 4406 959 4453 VL
996 4407 1260 4467 Freculfus
1299 4412 1346 4468 1,
1391 4410 1436 4466 7,
1483 4410 1512 4455 7
1554 4408 1604 4468 (5
1644 4409 1798 4457 unius
1830 4433 1903 4443 —
1943 4406 2004 4456 10
2042 4410 2313 4470 ureretur).
2350 4433 2423 4443 —
2462 4406 2595 4458 Mur.
2632 4423 2686 4468 p.
2716 4393 2844 4455 234⁶
2876 4424 2924 4455 v.
2962 4405 3027 4455 20
3064 4408 3241 4456 saevit.

715 4560 733 4608 l
777 4561 1032 4608 deditione
1063 4561 1107 4608 P
1312 4563 1505 4624 accepit
1528 4561 1572 4608 L
1770 4576 2050 4611 sarracenos
2077 4562 2121 4609 L
2329 4561 2358 4609 3
2395 4555 2694 4610 amoenitate
2724 4561 2812 4608 PV
3017 4561 3048 4609 5
3082 4560 3184 4609 hiis
3211 4561 3265 4606 H
3467 4559 3499 4608 6
3536 4558 3795 4629 undecim]

539 4645 671 4693 unde
703 4659 813 4693 cum
854 4646 918 4708 H,
962 4647 1036 4693 xii
1075 4647 1205 4695 hee.
1421 4649 1644 4696 ammisit
1678 4648 1827 4695 HPV
2031 4648 2059 4696 7
2097 4644 2336 4714 effossus]
2388 4648 2484 4710 VL,
2526 4649 2712 4696 effosus
2749 4634 2888 4706 HPb,
2928 4648 3113 4695 offosus
3150 4645 3222 4693 P·
3430 4646 3463 4696 8
3497 4644 3798 4714 ludibrium]

538 4731 696 4792 HPV,
735 4732 951 4779 ludibrio
992 4732 1032 4778 L
1057 4733 1230 4781 Florus
1437 4734 1647 4792 indigne
1686 4733 1730 4780 L
1937 4731 1970 4781 9
2006 4729 2284 4798 liquidum]
2321 4734 2585 4794 indignum
2622 4733 2663 4781 V
2872 4731 2932 4781 lo
2969 4732 3280 4791 exstinguine
3316 4732 3361 4780 L
3573 4731 3628 4780 11
3670 4745 3796 4794 quo-

536 4831 748 4878 cumque
786 4817 826 4863 L
1034 4819 1203 4878 fugam
1241 4818 1282 4865 L
1491 4819 1711 4866 armenia
1750 4819 1884 4866 PVL
2093 4815 2339 4884 conciam]
2375 4818 2483 4879 ΗΡ,
2525 4819 2736 4866 ciliciam
2772 4817 2852 4865 VL
3067 4816 3127 4865 13
3165 4817 3307 4878 pathi
3333 4817 3480 4864 HPV
3683 4819 3798 4865 ani·

534 4917 670 4951 mum
707 4903 751 4950 L
990 4903 1048 4953 1⁴
1087 4909 1354 4965 coeperant
1388 4903 1534 4951 HPV
1777 4903 1838 4953 16
1874 4905 2029 4952 duces
2068 4904 2114 4951 P
2341 4911 2639 4966 superantes
2676 4905 2731 4950 H
2961 4901 3022 4951 18
3060 4899 3388 4970 disciuerant]
3424 4903 3485 4960 L,
3526 4904 3797 4951 disciuerat

537 4987 681 5036 HPV
883 4991 1015 5048 syria
1040 4989 1143 5038 'PV
1349 4989 1413 5038 20
1448 4991 1685 5038 interitus
1724 4990 1768 5037 L
1975 4989 2034 5039 21
2080 4991 2338 5038 medianos
2376 4989 2452 5036 L:
2490 4990 2733 5038 Madaona
2767 4989 2935 5050 Rufus
3155 4987 3221 5037 22
3256 4985 3501 5056 armenia]
3537 4988 3794 5048 H(‘?)PVL

536 5073 598 5123 23
637 5077 789 5135 fugiit
827 5075 871 5122 P
1089 5071 1318 5141 ereptus]
1354 5081 1586 5137 receptus
1625 5075 1669 5122 L
1901 5074 1966 5124 24
2004 5077 2326 5124 commixtum
2365 5075 2409 5122 L
2636 5071 2914 5140 claudium]
2950 5076 3176 5123 similiter
3213 5073 3380 5135 Rufus
3612 5073 3674 5122 27
3714 5088 3792 5122 ro-

535 5174 706 5208 manos
740 5160 875 5208 HP‘¹
1119 5160 1183 5210 28
1222 5157 1400 5226 norici]
1436 5174 1577 5208 noras
1612 5162 1699 5221 qui
1736 5160 1851 5209 libri
2080 5157 2249 5226 quasi]
2285 5162 2403 5222 quia
2438 5161 2481 5208 si
2520 5161 2562 5207 L
2791 5161 2843 5206 in
2883 5173 3033 5220 rupes
3071 5156 3147 5225 et]
3185 5158 3274 5219 1²2,
3314 5162 3574 5222 inruperet
3609 5159 3723 5207 HP¹
3737 5160 3789 5220 V,

536 5247 846 5308 inrumperet
882 5246 926 5293 L
1134 5244 1200 5294 29
1235 5249 1398 5294 omnis
1435 5245 1547 5293 libre·
1757 5247 1969 5308 populus
2006 5246 2059 5291 H
2067 5245 2151 5292 VL
2357 5247 2581 5294 brennus
2619 5245 2663 5292 L
2888 5244 2954 5292 30
2990 5246 3252 5293 teutonius
3288 5245 3402 5294 libri
3611 5245 3795 5292 uendi-

535 5328 683 5398 licos]
718 5332 832 5380 libri
1028 5329 1249 5396 claudio]
1285 5332 1446 5390 gladio
1483 5331 1595 5380 libri
1803 5331 1868 5380 33
1904 5327 2065 5397 illyri]
2099 5330 2214 5393 ΗΡ,
2255 5331 2427 5391 hylliri
2460 5332 2513 5394 V,
2558 5332 2633 5378 illi
2668 5330 2712 5377 L
2907 5331 3249 5378 ascenduntur
3284 5330 3328 5377 L
3535 5331 3599 5379 34
3637 5345 3794 5391 augus

534 5418 677 5465 HPV
882 5423 1063 5481 pontes
1101 5417 1145 5464 L
1352 5418 1566 5465 transire
1603 5416 1751 5464 HPV

711 5675 756 5737 1)
799 5676 998 5724 rediens
1033 5676 1165 5737 apud
1202 5676 1520 5724 Antiochiam
1554 5675 1913 5738 Daphnouscm
1947 5676 2116 5723 lucum
2154 5674 2429 5724 delectatus
2466 5674 2559 5722 loci
2595 5675 2898 5724 amoenitate
2939 5712 2951 5722 .
2986 5712 3000 5725 .
3031 5711 3042 5722 .
3085 5676 3393 5723 consecravit
3430 5674 3614 5737 Banu.

708 5762 755 5823 2)
801 5762 1072 5812 Teutonios
1108 5775 1213 5812 non
1246 5761 1385 5811 habet
1421 5762 1614 5812 Florus.
