4882 6775
1052 508 1172 575 150

1057 698 1372 744 Gaudentius
1418 694 1509 743 104
1540 707 1585 743 s.
1661 694 1743 753 Cf.
1786 694 2005 741 Renatus
2044 693 2326 753 Friyeridus
2360 692 2499 751 apud
2540 695 2658 739 Gre-

1126 769 1321 826 9orium
1368 766 1695 812 Turonenscm
1743 764 1851 809 hist.
1908 763 2083 811 Franc.
2127 762 2188 820 2,
2231 762 2288 810 8:
2344 762 2658 809 Gaudentius

1123 841 1264 896 pater
1303 835 1466 893 (Aelii)
1508 833 1737 891 Scythiae
1785 833 2062 892 provinciae
2098 832 2328 893 primoris
2375 831 2467 877 loci
2505 846 2534 877 a
2568 830 2655 877 do-

1126 905 1391 950 mesticatu
1429 916 1633 949 exorsus
1672 900 1904 947 militiam
1943 914 2104 961 usque
2129 900 2190 947 ad
2217 900 2489 959 magisterii
2516 900 2658 959 equi-

1127 979 1234 1019 tum
1272 973 1469 1018 culmen
1508 975 1772 1031 provectus
1810 974 1905 1017 est.

1054 1040 1297 1088 Geberich
1322 1054 1405 1087 rea:
1424 1039 1686 1087 Gothorum
1714 1036 1774 1085 87
1803 1048 1848 1085 8.
1883 1047 1957 1085 18.
1988 1046 2067 1086 20.
2110 1035 2174 1085 88
2201 1047 2245 1086 5.
2293 1036 2459 1085 10011.
2504 1042 2516 1062 ‘
2538 1036 2657 1084 Ter-

1124 1112 1445 1157 minationem
1494 1107 1728 1154 Latinam
1774 1108 2004 1153 omissam
2051 1119 2149 1153 esse
2201 1106 2304 1153 noli
2350 1107 2553 1163 mirari,·
2606 1107 2659 1152 in

1124 1176 1541 1239 repraesentandis
1578 1177 1760 1223 Goticis
1794 1174 2074 1222 nominibus
2110 1177 2305 1234 saepius
2341 1175 2557 1233 neylecta
2592 1180 2659 1221 est

1126 1253 1228 1295 tam
1280 1245 1414 1307 apud
1453 1244 1717 1292 Iordanem
1772 1259 1919 1305 quam
1972 1242 2034 1289 ab
2089 1245 2192 1303 ipso
2251 1242 2555 1290 Cassiodorio
2605 1245 2659 1290 in

1123 1318 1291 1363 variis.
1353 1313 1436 1362 sed
1471 1328 1579 1362 vere
1612 1316 1793 1360 mirum
1828 1317 1899 1360 est
1933 1325 2111 1359 nomen
2147 1313 2309 1359 littera
2346 1327 2461 1358 cum
2493 1314 2658 1358 Gotica

1125 1388 1397 1443 inconyrua
1442 1396 1595 1444 neque
1644 1382 1851 1429 Latinae
1898 1386 1984 1427 aut
2038 1380 2253 1428 Graecae
2297 1382 2494 1439 linyuae
2542 1394 2656 1426 con-

1123 1457 1341 1501 veniente
1375 1454 1590 1514 finitum.
1667 1451 1913 1510 finiuntur
1949 1455 2113 1496 tamen
2148 1450 2312 1496 eodem
2346 1449 2490 1497 modo
2515 1449 2660 1506 Bvrig

1076 1546 1077 1549 =
1124 1525 1224 1568 sive
1261 1521 1435 1568 Berich
1480 1522 1541 1581 (q.
1571 1520 1665 1579 v.),
1706 1520 1922 1566 liderich
1960 1522 1991 1565 i.
2023 1532 2063 1566 e.
2097 1518 2373 1565 Hildericus
2408 1532 2491 1565 rex
2531 1518 2660 1565 Van-

1126 1590 1353 1637 dalorum
1406 1591 1530 1649 (var.
1572 1588 1633 1648 9,
1682 1586 1759 1647 1),
1814 1588 2142 1645 Hermenerig
2186 1600 2284 1634 uno
2326 1588 2432 1633 loco
2477 1586 2559 1647 77,
2607 1587 2654 1644 2,

1124 1661 1343 1719 proximo
1403 1672 1461 1703 ac
1520 1656 1744 1716 deinceps
1802 1656 1976 1717 ubique
2031 1657 2414 1703 [101-7110110νίοω
2468 1654 2659 1712 dictus,-

1128 1728 1304 1789 quibus
1338 1728 1612 1787 yenetivum
1638 1726 1898 1783 Gadarigis
1936 1728 2072 1772 iuxta
2109 1727 2474 1772 nominativum
2500 1724 2660 1771 Gada-

1126 1798 1257 1845 ricus
1297 1798 1362 1857 (q.
1404 1796 1475 1856 v.)
1514 1794 1959 1841 adnumera-verim.
2036 1795 2186 1839 etiam
2237 1796 2364 1840 inter
2403 1796 2570 1840 varias
2608 1792 2657 1853 4,

1128 1865 1193 1914 20
1231 1865 1371 1912 habes
1407 1866 1593 1911 litteras
1635 1863 1905 1910 ‘Geberich
1944 1863 2047 1908 viro
2090 1859 2329 1910 senatori’
2381 1865 2656 1921 inscriptas.

1126 1938 1287 1994 itaque
1324 1936 1377 1981 in
1412 1933 1483 1978 his
1530 1934 1637 1978 noli
1685 1945 1913 1993 quaerere
1960 1931 2262 1978 diversorum
2305 1932 2554 1990 fontium,
2604 1944 2662 1976 ex

1128 2002 1304 2065 quibus
1328 2001 1544 2049 hauserit
1568 2000 1919 2060 Cassiodorius,
1946 1999 2131 2048 indicia
2146 2014 2301 2061 neque
2320 2005 2497 2060 putare
2513 2000 2665 2046 muti-

1127 2074 1231 2119 lata
1269 2072 1385 2118 haec
1420 2084 1521 2117 esse
1556 2082 1611 2115 es:
1646 2069 1927 2116 nominibus
1959 2068 2142 2115 Graeco
2177 2083 2313 2116 more
2347 2068 2569 2125 redditis,
2608 2072 2664 2114 ut

1127 2146 1247 2189 sunt
1296 2138 1606 2186 Friderichus
1652 2142 1697 2185 et
1746 2138 1991 2184 Eurichus
2039 2137 2178 2197 apud
2223 2142 2463 2187 nostrum.
2517 2139 2663 2183 immo

1129 2212 1231 2257 alia
1268 2221 1420 2269 eaque
1455 2211 1587 2254 certa
1621 2207 1860 2255 eiusmodi
1894 2208 2153 2254 nominum
2197 2209 2323 2252 ratio
2372 2206 2488 2253 inde
2521 2206 2663 2252 colli-

1125 2282 1271 2339 qitur,
1315 2276 1445 2338 quod
1480 2277 1719 2324 Hunnica
1754 2277 1948 2336 aliaque
1985 2278 2204 2333 yentium
2250 2277 2408 2333 mayis
2453 2276 2666 2322 orienta-

1129 2350 1254 2394 lium
1289 2348 1495 2394 nomina
1526 2346 1706 2391 Graece
1743 2345 1918 2391 litteris
1954 2360 1986 2411 y
2025 2346 2102 2390 vel
2140 2340 2181 2400 Ε,
2228 2343 2404 2390 Latine
2439 2347 2666 2390 constan-

1131 2421 1203 2464 ter
1225 2430 1331 2463 una
1355 2431 1380 2462 c
1402 2416 1602 2476 finiunt,
1630 2418 1685 2459 ut
1709 2404 1905 2482 Ήρνὰχ
1929 2402 2235 2482 εῐΔεγγιζὶχ
2260 2412 2394 2472 apud
2421 2413 2660 2471 Priscum,

1132 2485 1342 2541 11811130,
1383 2484 1602 2540 Dintzic,
1648 2482 1784 2528 Ellac
1820 2481 1956 2541 apud
1989 2489 2245 2537 nostrum;
2283 2495 2439 2542 neque
2471 2480 2667 2528 Candac

1132 2556 1325 2599 Alanus
1350 2567 1393 2599 c.
1422 2550 1540 2600 265.
1573 2550 1671 2598 266
1696 2554 1740 2596 et
1765 2544 1943 2600 Kavffv
1992 2552 2268 2597 Avarorum
2305 2551 2497 2615 leyatus
2531 2549 2666 2609 apud

1131 2621 1467 2669 Menandrum
1502 2618 1706 2666 diversis
1731 2567 2011 2667 nominilus
2036 2619 2263 2666 videntur
2286 2620 2522 2678 appellati
2547 2632 2662 2667 esse.

1132 2693 1247 2738 item
1274 2678 1432 2756 Ἕραξ
1477 2689 1663 2751 fluvius
1700 2687 1905 2735 Iordani
1941 2688 2070 2735 Erae
2106 2693 2173 2736 est
2209 2692 2256 2733 et
2291 2691 2430 2749 quasi
2475 2687 2541 2736 ad
2588 2701 2669 2734 ea:-

1132 2760 1320 2819 emplar
1366 2760 1471 2804 eius
1514 2760 1664 2804 etiam
1718 2756 1899 2804 Gothus
1935 2758 2187 2804 Ammiani
2222 2757 2452 2816 Saphraae
2502 2756 2669 2805 Sasrao

1130 2827 1330 2887 dicitur,
1374 2840 1668 2888 quamquam
1691 2825 1901 2883 safrach
1939 2839 2126 2887 quoque
2164 2828 2216 2872 in
2245 2824 2382 2873 libris
2407 2829 2660 2885 reperitur.

1125 2901 1320 2957 praeter
1366 2896 1450 2942 hoc
1494 2908 1651 2942 unum
1688 2896 1884 2942 tantum
1939 2894 2137 2943 Geticae
2185 2896 2386 2954 oriqinis
2431 2891 2666 2944 ἄπτωτον

1134 2965 1306 3012 Ascalo
1347 2965 1411 3023 (q.
1438 2962 1506 3025 v.)
1554 2967 1747 3010 tenuem
1778 2967 1890 3023 post
1925 2965 2078 3011 aliam
2112 2968 2464 3011 consonantem
2489 2966 2543 3011 in
2573 2964 2669 3022 fine

1131 3034 1365 3093 retinuit,
1419 3033 1706 3092 analoyiam
1742 3033 1924 3079 scilicet
1961 3031 2147 3091 falsam
2199 3036 2436 3082 secutum.
2513 3037 2670 3079 cetera

1134 3105 1286 3162 iyitur
1329 3106 1439 3161 post
1473 3102 1694 3148 vocalem
1728 3101 1961 3149 videntur
1994 3103 2232 3160 accepisse
2268 3101 2327 3148 011
2364 3103 2441 3149 vel
2479 3105 2533 3149 in
2567 3104 2671 3148 eius

1132 3173 1301 3231 vicem,
1345 3173 1389 3217 et
1412 3171 1543 3217 male
1570 3168 1779 3231 quidem,
1821 3184 1868 3231 g,
1909 3174 1967 3216 ut
1993 3169 2251 3217 diversitas
2274 3172 2478 3229 oriyinis
2501 3183 2671 3217 eorum

1132 3241 1290 3299 mayis
1317 3252 1467 3299 quam
1490 3240 1601 3286 soni
1628 3237 1946 3288 indicaretur.
2000 3237 2204 3299 denique
2224 3242 2382 3299 ipsam
2408 3254 2434 3287 0
2460 3241 2672 3286 litteram

1132 3324 1190 3355 ac
1210 3310 1499 3368 praesertim
1523 3307 1581 3355 00
1602 3310 1767 3366 partes
1791 3321 1934 3355 verae
1954 3309 1985 3353 k
2003 3321 2116 3354 mox
2143 3310 2404 3367 suscepisse
2429 3312 2674 3355 testantur

1134 3380 1340 3426 nomina
1363 3390 1537 3437 requm
1570 3376 1924 3436 Visiqothorum
1944 3375 2168 3425 Chintila
2190 3382 2234 3426 ct
2261 3373 2667 3425 chindasvinth'.

1135 3446 1556 3495 Monuni-mon.

1068 3515 1269 3563 Gedeon
1307 3516 1394 3576 qui
1431 3521 1484 3563 81
1520 3515 1738 3562 Ieroboal
1778 3516 1806 3562 5
1837 3522 1919 3564 25.

1069 3585 1288 3632 Gelimer
1322 3597 1406 3632 rex
1455 3583 1789 3632 Vandalorum
1824 3599 1873 3630 a.
1918 3585 2188 3633 530—534
2228 3583 2294 3632 48
2324 3595 2372 3632 s.
2418 3581 2513 3631 102
2549 3593 2623 3632 15.

1075 3655 1311 3700 Gentius:
1351 3653 1530 3700 Gentio
1566 3651 1629 3699 27
1666 3661 1742 3701 16.

1071 3725 1347 3770 Germanus
1385 3722 1654 3770 Iustiniani
1689 3719 1865 3779 fratris
1900 3721 1941 3781 Γ.
1982 3737 2029 3767 υ.
2069 3735 2119 3780 p.
2169 3719 2281 3768 141.

1072 3792 1353 3839 Germanus
1389 3791 1625 3838 Germani
1660 3789 1705 3848 f.
1745 3807 1793 3838 υ.
1830 3805 1882 3850 p.
1929 3788 2041 3838 141.

1074 3858 1417 3907 Gesimundus
1454 3859 1663 3906 Amalus
1698 3876 1746 3906 v.
1785 3873 1838 3918 p.
1887 3856 1999 3917 143,
2049 3857 2124 3907 16.

1074 3928 1219 3975 Gildo
1256 3927 1314 3975 41
1356 3937 1434 3978 10.

1074 3998 1331 4044 Gizerious
1366 4010 1452 4043 rex
1500 3994 1836 4043 Vandalorum
1872 4011 1920 4043 a.
1964 3997 2251 4042 427—477‘
2275 3994 2340 4042 42
2370 4003 2454 4044 21.
2495 3995 2560 4043 43
2592 4005 2671 4044 12.

1143 4064 1208 4113 98
1239 4073 1284 4113 2.
1364 4065 1633 4123 Gyzericus
1688 4063 1773 4113 101
1815 4074 1892 4113 17.
1959 4064 2049 4112 102
2081 4072 2240 4113 2.13.
2306 4064 2400 4112 106
2429 4075 2476 4111 6.
2511 4077 2556 4112 o.
2595 4073 2672 4113 11.

1150 4132 1243 4181 118
1273 4145 1319 4181 a.
1368 4132 1462 4181 120
1490 4141 1571 4182 20.

1079 4205 1336 4261 Glycerius
1375 4204 1494 4262 imp.
1534 4219 1583 4249 υ.
1620 4217 1673 4262 p.
1725 4202 1837 4251 141.

1077 4271 1408 4319 Gnudiuchus
1444 4288 1491 4318 υ.
1535 4270 1883 4320 Gundiuclius.

1076 4341 1357 4388 Gordianus
1397 4343 1516 4400 imp.
1557 4355 1603 4386 v.
1643 4355 1696 4400 p.
1743 4339 1859 4388 140.

1078 4409 1306 4456 Gothoiia
1343 4409 1374 4456 6
1401 4416 1483 4457 21.

1078 4477 1379 4526 Gothoriihel
1418 4477 1447 4524 5
1480 4485 1557 4526 18.

1079 4546 1328 4594 Gracchus
1364 4563 1410 4594 v.
1455 4545 1797 4607 Sempronius.

1078 4617 1225 4662 Grata
1259 4617 1351 4678 filii
1396 4615 1729 4662 Valentiniani
1770 4616 1795 4659 1
1826 4630 1875 4663 υ.
1913 4628 1967 4673 p.
2014 4614 2129 4663 140.

1078 4684 1346 4732 Gratianus
1383 4685 1499 4743 imp.
1541 4700 1590 4731 v.
1628 4698 1682 4743 p.
1728 4682 1842 4732 140.

1078 4753 1260 4800 Gudila
1294 4766 1379 4800 rex·
1422 4752 1689 4799 Gothorum
1726 4752 1789 4800 72
1822 4761 1879 4800 15
1922 4752 2009 4812 (cf.
2050 4751 2217 4802 adnm

1087 4821 1408 4868 Gundiuchus
1443 4836 1527 4869 rex
1564 4821 2010 4880 Buryundionum:
2049 4821 2380 4869 Gnudiuchus
2424 4820 2514 4868 117
2546 4829 2571 4869 2
2612 4835 2685 4868 er-

1149 4902 1255 4938 rore
1301 4893 1473 4950 opinor
1521 4890 1864 4949 librariorum,·
1921 4889 1980 4937 de
2028 4889 2192 4948 forma
2241 4889 2505 4937 videantur
2560 4903 2684 4951 quac

1150 4959 1546 5020 Muellenhoffius
1593 4959 1848 5006 adnotavit
1897 4959 1961 5005 ad
2000 4959 2186 5006 Lodoin
2238 4965 2281 5007 et
2324 4959 2678 5006 Mundiuchus.

1144 5033 1394 5088 praeterea
1443 5027 1509 5086 cf.
1566 5029 1789 5076 Hilarius
1833 5042 1968 5088 papa
2017 5040 2091 5088 ep.
2145 5028 2264 5076 data
2320 5027 2379 5076 10
2434 5027 2540 5076 Oct.
2584 5028 2681 5075 463

1153 5097 1309 5158 (conc.
1351 5097 1486 5145 Gall,
1532 5096 1577 5154 1,
1619 5097 1768 5156 607);
1814 5102 2059 5157 quantum
2096 5099 2227 5144 enim
2268 5098 2357 5143 filii
2395 5099 2550 5144 nostri
2589 5098 2682 5143 viri

1152 5166 1365 5212 illustris
1404 5166 1626 5224 magistri
1653 5167 1870 5213 militum
1895 5164 2149 5213 Gundiuci
2184 5169 2267 5226 (sic
2302 5165 2502 5228 quidam
2538 5165 2678 5214 codd.

1151 5235 1241 5280 alii
1293 5234 1565 5294 Gunduici)
1623 5249 1848 5282 sermone
1907 5240 1987 5281 est
2052 5234 2345 5283 indicatum.
2423 5235 2685 5294 Greyorius

1159 5303 1453 5350 Turonensis
1490 5303 1599 5353 hist.
1642 5304 1817 5351 Franc.
1862 5301 1912 5361 2,
1954 5301 2048 5350 28;
2104 5305 2203 5351 fuit
2237 5310 2407 5351 antem
2452 5311 2502 5350 et
2539 5305 2683 5351 Gun-

1148 5372 1375 5419 deuchns
1424 5384 1511 5418 rex
1567 5371 1983 5430 Burgundionum
2039 5386 2100 5419 ex
2157 5386 2338 5433 genere
2393 5373 2684 5420 Athanarici

1151 5441 1283 5500 regis
1329 5441 1675 5501 persecutoris.
1755 5440 1982 5499 Prosperi
2036 5444 2339 5490 continuatio
2390 5443 2686 5489 Havniensis

1148 5510 1214 5555 ad
1251 5525 1301 5558 a.
1339 5511 1470 5556 457.-
1512 5509 1801 5557 Gundioous
1839 5523 1927 5555 rex
1966 5509 2402 5568 Burgundionum.
2470 5511 2686 5571 Bindiny

1156 5579 1321 5624 (iesch.
1363 5578 1444 5624 des
1483 5577 1773 5637 bur9.-rorn.
1820 5578 2139 5638 Kb'niyreichs
2170 5594 2225 5639 p.
2267 5578 2351 5627 38.

1081 5646 1505 5694 Gunthamundus
1540 5661 1622 5694 rea:
1669 5646 2000 5695 VandaLorum
2036 5664 2085 5696 a.
2128 5651 2401 5696 484—496
2446 5646 2539 5696 102
2571 5658 2648 5697 11.

2215 502 2260 555 1.
2303 500 2542 555 INDEX
2579 498 3101 554 PERSONARVM.

2779 690 2926 738 binda
2978 704 3118 737 caeso
3172 703 3222 735 a.
3276 690 3378 737 515
3436 688 3730 746 Carthayine
3781 700 3988 745 reynum
4040 686 4307 746 affectavit,

2778 758 3068 818 interfectus
3103 756 3279 805 deinde
3313 756 3374 803 ab
3401 756 3667 804 Artabano,
3714 757 3792 816 Cf.
3824 754 4024 801 Partsch
4053 753 4218 813 praes.
4248 753 4314 799 ad

2782 829 3050 888 Gorippum
3084 842 3137 887 p.
3177 826 3326 873 xxu
3351 840 3421 886 sq.

2714 898 3054 945 Gunthericus
3091 895 3193 942 dux
3231 894 3497 941 Gothorum
3533 893 3624 941 sub
3668 893 3958 952 Ostroyotha
3996 891 4052 939 81
4095 901 4172 941 16.

2712 966 2988 1025 Gunthigia
3033 966 3122 1026 qui
3169 969 3221 1012 et
3269 964 3395 1010 Baza
3449 964 3657 1010 Amalus
3708 960 3802 1009 126
3840 969 3922 1010 23.
4015 959 4314 1019 ‘Guntbigis

2778 1039 2902 1082 recte
2939 1035 3051 1082 libri
3084 1034 3283 1094 reliqui,
3329 1034 3460 1079 male
3494 1045 3627 1079 unus
3662 1032 3713 1077 Η
3748 1030 4045 1089 Gunthiois3
4088 1044 4192 1078 non
4226 1028 4313 1075 de-

2779 1105 2992 1151 clinatur
3024 1106 3215 1162 pariter
3249 1106 3395 1163 atque
3433 1098 3657 1159 Vitigis‘.
3734 1099 4157 1147 Munnnnnuorr.

2711 1171 2903 1231 Gurges
2938 1188 2985 1219 υ.
3029 1171 3229 1219 Fabius.

2713 1301 2995 1350 Hadrianus
3031 1303 3148 1362 imp.
3188 1320 3235 1349 v.
3273 1316 3326 1361 p.
3373 1300 3488 1349 139.

2713 1371 2969 1418 1131311003
3008 1371 3035 1416 1
3069 1375 3117 1418 et
3155 1371 3212 1416 11
3244 1384 3376 1430 reyes
3424 1369 3790 1429 Veseyotliarum
3823 1384 3873 1417 υ.
3909 1382 3960 1428 p.
4011 1366 4126 1414 145.

2713 1439 2974 1487 1131311003
3007 1453 3093 1486 rex
3129 1440 3424 1487 Herutorum
3463 1437 3528 1486 88
3562 1446 3639 1488 11.

2718 1509 2970 1556 llalaricus
3006 1522 3088 1555 rex
3125 1508 3408 1555 Suavorum
3449 1510 3744 1555 Germaniae
3785 1505 3879 1554 129
3907 1514 3987 1554 21.

2715 1577 3057 1624 Haliurunnae
3095 1578 3333 1625 mulieres
3371 1576 3434 1623 89
3469 1586 3546 1625 11.
3616 1576 3630 1600 ‘
3655 1576 3751 1622 Vox
3787 1578 4048 1623 notissima
4082 1578 4181 1627 est,
4234 1572 4316 1619 sed

2779 1660 3038 1706 perperam
3063 1649 3273 1706 scripta.-
3312 1650 3416 1693 erat
3441 1647 3615 1705 linqua
3647 1646 3816 1692 Gotica
3845 1642 4125 1703 haljariina,
4165 1642 4313 1689 Theo-

2783 1714 2920 1762 disca
2943 1714 3209 1775 belliriina,
3241 1716 3640 1774 Anylosaaeonica
3666 1714 3865 1761 0811011.
3906 1714 4170 1771 haljaruna
4203 1724 4316 1770 pro-

2778 1784 2887 1843 prie
2924 1788 2992 1831 est
3028 1799 3174 1844 maqa
3208 1784 3388 1832 mulier
3423 1783 3668 1842 infernali
3692 1788 3798 1831 arte
3817 1778 4086 1843 praedita’.
4140 1779 4318 1827 0111111.-

2783 1865 3044 1900 1111111011».

2719 1921 2911 1968 Hanala
2941 1922 3127 1970 Gothus
3147 1920 3212 1968 65
3239 1929 3287 1970 4.
3336 1921 3538 1968 ‘Herois
3557 1920 3716 1968 Gotici
3736 1923 3942 1978 posteris
3967 1921 4121 1979 i9noti
4143 1931 4321 1965 nomen

2784 1989 2994 2048 fortasse
3047 1989 3172 2037 idem
3225 1995 3294 2039 est
3340 1989 3468 2051 quod
3521 1989 3836 2037 Theodiscum
3877 1989 4066 2061 Apulo,
4129 1986 4318 2046 Analo-

2784 2070 3070 2115 samaraeum
3100 2069 3275 2128 Ouala,
3319 2067 3619 2115 Nos-romum
3655 2049 3740 2115 sui
3773 2068 3873 2113 sive
3910 2066 4007 2126 oli,
4046 2065 4114 2125 cf.
4158 2064 4321 2111 Haza-

2784 2139 2933 2195 ricus,
2977 2136 3360 2185 Hermanaricus
3397 2136 3505 2185 cet)
3574 2137 4000 2184 Munmfflrfflorr.

2721 2206 3006 2254 Hannibal:
3057 2206 3279 2253 Annibal
3323 2205 3385 2253 23
3416 2215 3460 2253 3.
3501 2215 3576 2253 13.
3609 2214 3691 2254 33.
3750 2204 3816 2253 24
3845 2212 3890 2253 2.
3925 2213 3969 2252 7.
4007 2211 4086 2251 12.
4124 2211 4200 2250 13.
4237 2212 4316 2250 is.

2791 2284 2868 2323 3ο.
2905 2282 2985 2323 32.
3058 2274 3123 2323 25
3157 2282 3231 2324 14.
3266 2282 3347 2323 21.
3381 2282 3461 2323 26.
3495 2281 3577 2323 32.
3609 2283 3691 2323 37.
3723 2282 3805 2322 io.
3883 2270 3949 2319 26
3976 2281 3998 2321 1
4031 2273 4119 2319 bis.
4154 2280 4198 2319 7.
4236 2280 4316 2321 10.

2795 2352 2964 2391 11.10
2993 2342 3079 2391 bis.
3115 2352 3196 2393 20.

2721 2412 2998 2459 Hasdrubal
3037 2410 3101 2459 25
3133 2422 3213 2462 37.
3255 2412 3320 2461 26
3353 2421 3432 2461 11.

2721 2482 2887 2528 118081
2923 2480 2952 2528 3
2983 2488 3064 2529 27.
3106 2481 3136 2528 4
3164 2491 3214 2530 4.
3247 2491 3294 2530 5.
3326 2490 3373 2531 6.

2721 2550 3037 2598 Heldebadus
3071 2565 3156 2598 rex
3199 2550 3462 2597 Gothorum
3506 2565 3554 2597 a.
3599 2551 3718 2597 540.
3761 2551 3855 2596 5⁴1
3910 2549 4084 2595 5015.
4122 2555 4198 2594 17.
4241 2555 4315 2594 19.

2722 2619 3055 2667 Heldebertus
3091 2620 3325 2666 Lodoinis
3367 2618 3720 2679 (Oktodovechi)
3761 2618 3802 2677 s.
3845 2619 4068 2665 Francus
4109 2614 4203 2663 134
4237 2622 4313 2663 12.

2795 2687 2873 2746 Cf.
2915 2687 3263 2736 Celdebertus.

2723 2757 2838 2803 Heli
2876 2756 2908 2804 6
2937 2765 2983 2804 8.

2723 2826 3073 2885 Heliogabalus
3110 2827 3228 2885 imp.
3268 2840 3318 2873 v.
3354 2839 3407 2884 p.
3454 2825 3569 2874 140.

2724 2894 2931 2941 Helvius
2968 2895 3086 2954 imp.
3126 2910 3177 2943 v.
3217 2908 3271 2953 p.
3319 2893 3430 2942 140.

2725 2963 3083 3011 Heraclianus:
3122 2963 3478 3010 Haeraclianus
3514 2962 3580 3011 42
3610 2970 3658 3010 2.

2727 3032 3016 3080 Heraclius:
3056 3031 3280 3079 Eraclius
3317 3030 3382 3082 43
3414 3040 3495 3080 10.

2726 3101 2963 3149 Hercules
3005 3101 3253 3162 (Herculis
3290 3100 3356 3148 69
3389 3104 3465 3157 16)
3508 3100 3572 3148 55
3609 3108 3685 3147 12.
3726 3099 3790 3148 69
3825 3107 3901 3147 16.
3943 3098 4008 3146 70
4043 3107 4118 3146 10.
4157 3105 4234 3145 12.

2727 3170 2992 3217 Herculius
3029 3172 3146 3229 imp.
3189 3187 3238 3221 υ.
3275 3184 3331 3229 Ρ.
3376 3168 3492 3217 140.

2727 3239 3015 3286 Herennius
3057 3237 3118 3287 18
3146 3247 3193 3288 3.

2728 3308 3110 3355 Η81111311311003
3148 3308 3358 3354 Amalus
3393 3322 3443 3354 v.
3482 3321 3531 3367 p.
3581 3306 3694 3365 143,
3742 3304 3823 3354 14.

2729 3377 3022 3424 llermantia
3058 3394 3107 3424 υ.
3156 3378 3307 3436 impp.
3344 3391 3397 3436 p.
3447 3374 3541 3424 140
3579 3373 3915 3424 Thermantia.

2731 3447 3062 3506 Hermenerig
3097 3446 3304 3492 Amalus
3340 3461 3389 3494 v.
3426 3459 3479 3504 p.
3527 3445 3643 3505 143,
3687 3444 3768 3493 14.

2731 3515 3144 3562 Herminefredus
3179 3528 3262 3562 rea:
3306 3514 3664 3575 Thurinqorum
3706 3511 3801 3561 135
3831 3524 3877 3562 6.

2731 3584 3068 3642 Hermogenes
3103 3582 3169 3632 48
3199 3591 3245 3631 2.

2733 3653 2925 3700 11811130
2961 3653 3144 3699 Attilae
3178 3653 3221 3713 f.
3267 3651 3358 3700 127
3396 3661 3438 3712 1,
3479 3643 3675 3720 Ἠρνάχ
3710 3651 3897 3710 Prisce,
3940 3650 4008 3709 cs.
4050 3650 4168 3698 adn.

2731 3722 2963 3768 Hesebon
3000 3721 3030 3769 5
3061 3729 3142 3769 29.

2731 3791 3015 3850 Hiempsal:
3057 3790 3293 3850 Empsala
3330 3788 3395 3837 26
3423 3798 3504 3837 36.

2732 3858 2934 3906 11181103
2969 3872 3066 3907 003.
3115 3858 3202 3907 101
3242 3867 3320 3907 16.

2732 3928 2881 3974 Hiero
2917 3926 2982 3975 20
3017 3936 3092 3976 15.

2731 3997 3057 4045 Hieroboam:
3098 3997 3348 4043 Ieroboam
3386 3995 3417 4042 6
3450 4005 3528 4048 16.

2733 4066 2996 4113 1118100031
3031 4081 3079 4112 v.
3124 4065 3344 4113 Gedeon.

2731 4135 3064 4192 Hieronymus
3098 4133 3128 4181 4
3160 4143 3238 4181 17.

2733 4204 2919 4250 1118303
2953 4218 3002 4249 υ.
3045 4204 3207 4250 Iesus.

2732 4272 3051 4320 Hilarianus:
3093 4271 3397 4319 Helarianus
3439 4268 3532 4317 132
3562 4279 3610 4320 i.

2735 4341 2972 4387 Hiezabel
3006 4356 3058 4388 v.
3098 4341 3310 4387 lesabel.

2736 4410 2989 4456 liiiderioh
3026 4422 3076 4457 v.
3117 4408 3348 4456 liderioh.

2736 4478 2985 4525 llilderith
3022 4482 3163 4536 pater
3198 4476 3444 4524 Geberichi
3479 4480 3604 4536 reyis
3648 4477 3912 4525 Gothorum
3949 4475 4011 4523 87
4043 4487 4090 4524 11.

2737 4547 3022 4608 Hilpericus
3068 4560 3151 4593 rex:
3188 4545 3602 4604 Buryundionum
3644 4546 3737 4594 117
3769 4553 3816 4594 2.
3877 4548 4108 4605 Intelleyi
4142 4545 4339 4595 videtur

2803 4618 2963 4674 mayis
2987 4614 3143 4674 frater
3165 4615 3447 4663 Gundiuclii
3472 4618 3528 4675 is,
3562 4629 3702 4675 quem
3727 4618 3853 4664 inter
3868 4629 4001 4675 reyes
4024 4620 4234 4662 recenset
4260 4619 4336 4663 les:

2805 4683 3214 4744 Buryundionum
3249 4687 3325 4732 tit.
3356 4683 3404 4742 3,
3445 4687 3642 4731 nomine
3666 4690 3832 4731 tamen
3853 4698 3958 4733 non
3980 4686 4158 4744 posita,
4188 4698 4338 4744 quam

2804 4754 2937 4815 filius
2961 4755 3065 4801 eius
3088 4755 3375 4801 nominatus
3399 4753 3534 4812 apud
3560 4755 3852 4812 Greaorium
3873 4753 4203 4800 Turonensem
4223 4755 4334 4804 laist.

2809 4823 2981 4872 Franc.
3024 4820 3073 4882 2,
3115 4820 3210 4869 28;
3252 4822 3370 4869 0010
3409 4821 3725 4882 (Gundeocho
3761 4825 3863 4881 reyi
3900 4822 4333 4883 Buryundionum)

2805 4891 3014 4938 fuerunt
3055 4895 3289 4952 quattuor
3339 4892 3428 4938 lilii
3467 4891 3802 4939 Gundobadus
3839 4892 4166 4950 Godegiselus
4202 4891 4342 4940 chil-

2806 4962 3004 5021 pericus
3040 4966 3094 5007 et
3118 4959 3424 5008 Godemarus
3458 4965 3504 5007 et
3528 4960 3786 5007 Sidonium
3822 4975 3898 5022 ep.
3929 4959 3980 5022 5,
4009 4961 4064 5008 6:
4108 4962 4342 5021 magistro

2808 5029 3025 5076 militum
3045 5029 3321 5090 Chilperico
3347 5030 3751 5077 victoriosissimo
3771 5031 3874 5077 viro
3899 5066 3909 5077 .
3932 5066 3943 5077 .
3969 5030 4128 5078 fuisse
4152 5037 4344 5078 secreto

2807 5099 3173 5146 insusurratum
3208 5097 3291 5158 (cf.
3323 5111 3396 5158 ep.
3423 5097 3472 5157 5,
3499 5097 3557 5145 7:
3590 5099 3724 5159 apud
3751 5098 4044 5146 tetrarcham
4072 5102 4336 5161 nostrum).

2805 5167 3027 5226 Bindiny
3072 5167 3237 5214 Gesch.
3281 5168 3364 5214 des
3400 5167 3535 5228 bury.
3581 5168 3710 5217 Κῦπ.
3745 5183 3796 5228 p.
3841 5167 3940 5215 300
3960 5184 4030 5229 sq.

2741 5236 3022 5283 Himnerith
3057 5252 3106 5284 υ.
3147 5250 3279 5296 reyes
3325 5236 3698 5297 Veseyotharum
3730 5251 3783 5296 p.
3832 5236 3940 5286 145.

2740 5305 2994 5366 llippolite
3031 5305 3095 5353 69
3129 5314 3206 5354 17.

2739 5374 3068 5436 Hippolytus:
3106 5375 3374 5435 Hypolitus
3410 5374 3475 5423 69
3508 5383 3584 5423 13.

2740 5443 2937 5490 Hirtius
2971 5460 3020 5492 v.
3061 5444 3288 5502 Sergius,

2742 5513 2955 5559 Hisarna
2989 5528 3028 5559 s.
3073 5513 3305 5560 1113311113
3346 5513 3553 5559 Amalus
3589 5529 3637 5559 υ.
3677 5527 3728 5573 p.
3778 5512 3890 5572 143,
3931 5512 4006 5560 5..

2741 5582 2957 5628 Honoris
2991 5597 3038 5628 υ.
3081 5584 3234 5641 impp.
3270 5596 3322 5641 p.
3370 5580 3484 5629 141.

2715 5651 2991 5697 1110001103
3029 5652 3144 5710 imp.
3186 5667 3235 5699 υ.
3273 5666 3327 5710 p.
3373 5649 3488 5699 140.

1082 5715 1357 5764 Gunthario
1396 5715 1454 5762 51
1493 5724 1572 5766 19.
1635 5714 1776 5763 Idem
1810 5720 1880 5763 est
1915 5710 2156 5784 Γόνθαρις
2180 5719 2406 5776 Procopii
2443 5716 2489 5765 b.
2528 5717 2682 5765 Vand.
2715 5709 2995 5780 'Iloratius,
3034 5721 3123 5766 -tii
3165 5718 3218 5767 11
3255 5729 3337 5768 31.
3371 5728 3453 5767 33.

1151 5782 1199 5844 2,
1242 5783 1327 5845 24,
1368 5784 1676 5833 Guntharith
1720 5786 1919 5845 Corippi
1953 5785 2057 5833 dua:
2092 5787 2382 5846 Numidiae,
2427 5789 2510 5848 qui
2535 5788 2688 5834 Areo·
2745 5788 2982 5835 Horatius
3018 5789 3270 5837 Publicola
3311 5787 3372 5838 14
3405 5797 3483 5837 19.
