4882 6775
1213 475 1474 540 XXXII
2610 468 3071 524 PROOEMIVM.

1207 718 1366 764 rem.
1418 718 1569 763 11301
1617 696 1911 780 regiones
1957 694 2240 760 Albania
2285 715 2349 778 p.
2401 698 2503 773 62,
2559 696 2618 774 2,
2673 692 3004 757 Dalmatia
3046 714 3110 777 p.
3155 696 3293 772 126,
3341 696 3439 774 15,
3493 691 3799 757 Germani
3843 712 3908 775 p.
3947 694 4050 771 62,
4096 694 4149 771 1,
4201 689 4475 755 Hiberia

1202 841 1271 905 p.
1325 822 1441 902 62,
1495 821 1571 899 2,
1645 815 1981 883 Lusitania
2024 838 2089 901 p.
2148 820 2303 897 116,
2358 818 2475 895 22,
2548 813 2792 879 Moesia
2835 812 3124 898 superior
3165 834 3230 897 p.
3290 816 3444 893 126,
3503 816 3616 893 14,
3689 811 3993 876 Noricum
4037 831 4102 894 p.
4160 814 4297 887 126,
4360 815 4461 891 15,

1197 939 1413 1004 Ρο1818
1456 959 1522 1022 p.
1560 940 1662 1021 62,
1702 941 1762 1021 2,
1815 938 2055 1002 Pontus
2086 958 2153 1022 p.
2191 940 2294 1018 62,
2333 940 2395 1018 2,
2448 935 2638 1000 80108
2667 955 2733 1018 p.
2772 937 2877 1017 61,
2923 937 3021 1013 19,
3075 932 3324 1016 utrique
3370 931 3570 997 aetati
3615 931 3856 1017 pariter
3901 931 4037 997 fere
4082 936 4236 1015 apta
4280 937 4448 1009 sunt,

1207 1066 1275 1125 at
1319 1056 1664 1142 antiquiori
1712 1056 1828 1122 soli
1874 1057 2097 1141 populi
2149 1056 2257 1141 qui
2302 1055 2742 1135 nominantur,
2807 1054 2917 1138 qui
2974 1059 3120 1118 sunt
3174 1053 3560 1135 Autrigones
3617 1074 3683 1137 p.
3742 1056 3883 1135 116,
3937 1055 4040 1133 20,
4107 1052 4468 1116 Bastarnae

1210 1202 1276 1265 p.
1330 1183 1432 1261 75,
1492 1183 1601 1262 11,
1670 1178 1864 1243 Gothi
1908 1200 1972 1263 p.
2024 1180 2128 1256 87,
2188 1181 2301 1259 16,
2365 1173 2799 1241 Hermunduri
2841 1196 2907 1259 p.
2961 1176 3064 1256 87,
3127 1178 3231 1254 16,
3306 1173 3577 1257 Iazyges
3622 1194 3687 1257 p.
3740 1176 3844 1253 75,
3902 1171 4468 1266 11,·11131001113111

1206 1322 1271 1385 p.
1308 1302 1413 1379 87,
1460 1302 1556 1381 16,
1609 1297 1924 1364 Roxolani
1957 1318 2022 1381 p.
2059 1302 2163 1379 75,
2213 1302 2311 1380 10,
2365 1296 2698 1361 Sarmatae
2729 1316 2794 1379 p.
2833 1298 2936 1376 75,
2981 1298 3080 1358 11.
3147 1292 3394 1359 scilicet
3436 1300 3688 1378 praeter
3718 1292 3979 1371 Gothos,
4036 1292 4144 1376 qui
4189 1292 4464 1358 fortasse

1203 1441 1356 1486 vere
1403 1419 1665 1485 Gothini
1712 1426 1860 1485 sunt
1875 1421 1991 1503 5Β),
2053 1425 2118 1483 01
2161 1418 2492 1482 Sarmatas
2536 1415 2788 1498 utrique
2834 1414 3032 1480 aetati
3076 1414 3314 1499 pariter
3357 1412 3811 1478 convenientes
3854 1412 4136 1495 quinque
4180 1412 4467 1494 reliquo-

1203 1562 1342 1606 rum
1388 1542 1764 1625 populorum
1811 1538 2073 1605 nomina
2115 1545 2265 1622 post
2305 1536 2564 1603 tertium
2612 1535 2940 1602 saeculum
2985 1556 3115 1601 non
3159 1541 3560 1619 comparent,
3628 1554 3769 1599 cum
3827 1540 4019 1598 30103
4079 1533 4464 1618 saepissime

1205 1681 1421 1727 eorum
1467 1659 1705 1726 mentio
1750 1660 1882 1725 1131.
1978 1658 2135 1741 quid
2194 1657 2362 1740 quod
2422 1657 2646 1722 11310111
2705 1655 3164 1722 indicationum
3217 1653 3534 1739 quaedam
3580 1653 3862 1720 affinitas
3907 1658 4008 1719 est
4051 1674 4193 1719 cum
4239 1654 4465 1719 tabula

1204 1781 1702 1865 Peutingerana.
1796 1780 2039 1845 Daciae
2083 1777 2243 1844 fines
2288 1778 2449 1843 satis
2492 1776 2912 1863 respondent:
2981 1797 3131 1841 nam
3179 1780 3522 1842 cernuntur
3562 1775 3630 1839 in
3675 1775 3898 1841 tabula
3943 1794 4137 1859 supra
4179 1774 4460 1859 Apulum

1209 1908 1275 1968 et
1304 1902 1636 1986 Napocam
1696 1903 1923 1965 Venedi
1964 1904 2247 1963 Sarmata
2292 1905 2357 1964 et
2386 1898 2567 1981 Alpes
2599 1901 2982 1977 Bastarm‘ce,
3034 1896 3144 1961 ubi
3189 1897 3494 1962 Iordanes
3537 1894 3823 1960 nominat
3867 1895 4193 1962 Sarmatas
4238 1902 4303 1960 et
4332 1896 4462 1960 Ba-

1205 2030 1493 2105 starnas,
1558 2041 1679 2088 nec
1739 2022 1928 2105 longe
1973 2021 2210 2086 absunt
2260 2018 2568 2085 orientem
2613 2037 2837 2083 versus
2883 2019 3204 2080 Roaeuleni
3246 2020 3529 2080 Sarmata
3572 2015 4033 2100 respondentes
4070 2015 4460 2081 Aroxulanis

1203 2143 1529 2222 Iordanis3
1592 2144 1865 2225 Iazyges
1923 2140 2273 2222 secundum
2335 2146 2618 2205 nostrum
2665 2143 2987 2203 auctorem
3047 2137 3129 2202 ab
3191 2156 3420 2203 occasu
3465 2136 3662 2201 Dacis
3721 2134 4095 2204 contermini
4140 2156 4182 2201 a
4239 2137 4463 2201 tabula

1203 2265 1460 2330 absunt.
1544 2263 1698 2328 item
1747 2282 1889 2327 cum
1935 2261 2243 2326 Iordanes
2287 2260 2614 2343 antiquam
2660 2257 3095 2324 Vandalorum
3141 2256 3467 2341 regionem
3513 2256 3753 2323 scribat
3795 2256 4251 2341 comprehendi
4294 2257 4461 2322 inter

1204 2386 1679 2463 Marcomanos,
1745 2381 2259 2463 Hermunduros,
2327 2379 2604 2461 Gothos,
2671 2376 2939 2461 Istrum,
3006 2378 3073 2442 in
3132 2378 3608 2460 Peutingerana
3651 2375 4082 2442 Hermunduri
4142 2384 4206 2442 et
4265 2376 4457 2442 Gothi

1204 2505 1472 2584 desunt,
1540 2502 1820 2569 Vandali
1878 2507 2092 2567 autem
2153 2500 2492 2586 perscripti
2552 2504 2699 2564 sunt
2755 2497 2842 2563 ad
2899 2497 3224 2563 sinistram
3249 2484 3550 2562 Danuvii
3609 2504 3672 2563 et
3728 2517 3920 2582 super
3979 2517 4092 2563 eos
4152 2497 4455 2582 scriptum

1212 2623 1737 2690 ‘Marcomanni'.
1821 2628 1961 2687 utut
2006 2621 2086 2686 de
2133 2620 2250 2686 illa
2292 2620 2512 2685 finium
2558 2618 2948 2685 indicatione
2991 2617 3401 2699 iudicabitur,
3454 2618 3558 2684 hic
3602 2638 3853 2702 quoque
3898 2624 4148 2683 constat
4189 2620 4456 2684 secundi

1205 2745 1448 2811 saeculi
1495 2713 1900 2810 condiciones
1946 2741 2276 2826 explicari,
2331 2761 2472 2806 cum
2518 2738 2895 2825 praesertim
2943 2758 3106 2822 quae
3152 2746 3485 2823 praeterea
3528 2739 3701 2824 apud
3738 2738 4077 2804 Iordanem
4120 2738 4459 2805 inveniun-

1204 2873 1307 2931 tur
1349 2864 1681 2949 regionum
1726 2862 2101 2948 populorum
2146 2860 2525 2946 oppidorum
2571 2860 2886 2926 vocabula
2928 2859 3145 2924 omnia
3190 2865 3370 2925 sexto
3417 2860 3674 2925 saeculo
3727 2867 3896 2925 10010
3956 2860 4335 2925 conveniant
4349 2864 4452 2943 ⁵⁰).

1136 2972 1149 2983 ”
1180 2964 1291 3033 ¹-—
1349 2986 1436 3051 At
1492 2984 1930 3069 exceptionem
1990 2981 2234 3048 faciunt
2291 2981 2414 3047 loci
2461 2980 2587 3046 duo
2632 2987 2968 3066 praeterea
3011 2978 3322 3045 simillimi
3367 2980 3530 3045 alter
3574 2980 3656 3045 de
3700 2980 3946 3046 Moesia
3988 3002 4047 3046 c.
4098 2984 4160 3063 9,
4214 2984 4295 3044 59
4341 2980 4459 3046 de-

1206 3106 1482 3190 scriptus
1528 3126 1606 3171 ex
1654 3102 2119 3188 chorographia
2164 3102 2373 3168 Orosii
2414 3101 2482 3166 in
2529 3100 2752 3166 eodem
2801 3100 3011 3186 capite
3057 3100 3265 3183 citati,
3332 3101 3497 3167 alter
3541 3100 3622 3166 de
3668 3100 3997 3185 80301360)
4061 3122 4116 3166 0.
4172 3106 4276 3184 55,
4329 3104 4455 3176 280

1204 3248 1246 3292 3
1274 3224 1681 3292 Cassiodorio
1726 3223 1949 3309 opinor
1990 3222 2076 3289 ad
2120 3222 2328 3308 ipsius
2374 3223 2654 3288 locorum
2699 3220 2988 3287 notitiam
3035 3221 3371 3287 formatus:
3427 3242 3576 3287 nam
3609 3221 3809 3287 Suabi
3856 3228 3925 3286 01
3967 3242 4009 3286 3
4053 3222 4285 3287 Suebis
4329 3244 4454 3287 non

1380 3540 1461 3602 58)
1508 3541 1615 3588 Viri
1651 3540 1812 3599 docti,
1853 3540 1905 3587 in
1945 3538 2024 3586 his
2061 3539 2148 3599 qui
2187 3538 2574 3597 diligentissime
2611 3536 2731 3585 11300
2765 3542 3104 3599 perscrutatus
3142 3542 3219 3585 est
3257 3538 3497 3586 Zeussius
3539 3538 3635 3598 {die
3672 3538 3953 3587 Deutschen
3988 3554 4039 3600 p.
4080 3539 4222 3600 447).
4262 3544 4464 3601 propter

1209 3629 1369 3678 solum
1408 3626 1542 3675 hunc
1576 3628 1737 3674 locum
1777 3626 2090 3673 admiserunt
2125 3624 2375 3671 Vandalos
2410 3625 2691 3685 imperante
2728 3623 3060 3672 Constantino
3098 3625 3300 3672 Daciam
3341 3625 3829 3673 Transdanuvianam
3867 3626 4033 3672 sedern
4071 3626 4326 3685 habuisse,
4368 3640 4459 3672 ne-

1205 3730 1304 3776 que
1342 3714 1552 3761 dubium
1590 3718 1669 3760 est
1702 3711 1963 3759 Iordanem
1999 3709 2050 3757 id
2089 3711 2365 3770 significare
2404 3710 2645 3757 voluisse.
2721 3710 2808 3758 sed
2849 3711 2892 3757 si
2931 3715 3064 3759 recte
3103 3710 3437 3758 demonstravi
3476 3711 3594 3759 haec
3629 3725 3743 3758 01101
3780 3712 3840 3759 110
3879 3726 4056 3772 mappa
4093 3714 4336 3772 posuisse,
4378 3714 4457 3760 vi-

1206 3801 1428 3848 dendum
1465 3803 1543 3848 est
1579 3809 1743 3846 annon
1781 3801 1914 3845 recte
1954 3810 2060 3844 eam
2097 3796 2429 3845 intellexerit.
2506 3796 2700 3843 scilicet
2746 3797 2790 3844 si
2842 3810 2954 3844 cum
2993 3797 3161 3844 Tacito
3199 3797 3571 3845 Hermunduris
3620 3798 3820 3848 sedem)
3839 3796 4159 3846 attribuimus
4206 3799 4269 3846 ad
4306 3803 4459 3859 caput

1206 3886 1352 3935 Albis
1400 3885 1574 3945 fluvii,
1629 3883 1816 3931 Gothos
1865 3886 2033 3930 antem
2075 3882 2295 3929 Iordanis
2343 3881 2581 3929 habemus
2630 3895 2716 3944 pro
2752 3881 3013 3944 Gothinis‚
3066 3882 3421 3931 demonstratio
3466 3885 3642 3931 finium
3687 3885 3817 3945 apud
3856 3884 4114 3932 Iordanem
4153 3885 4307 3932 relata
4342 3891 4457 3945 apte

1203 3973 1437 4021 convenit
1485 3969 1688 4017 sedibus
1737 3983 1859 4029 quas
1896 3968 2106 4014 Vandali
2157 3968 2426 4015 habuerint
2470 3981 2678 4016 necesse
2716 3973 2793 4015 est
2828 3968 2962 4015 bello
2998 3968 3382 4030 Marcomanic03
3435 3970 3827 4031 crediderimque
3864 3970 4149 4029 Iordanem,
4205 3985 4316 4018 cnm
4355 3971 4455 4018 Go-

1203 4059 1373 4106 thinos
1409 4070 1497 4118 pro
1532 4054 1710 4102 Gothis
1747 4054 1980 4115 haberet,
2022 4055 2061 4101 ii
2100 4059 2269 4101 autem
2308 4067 2364 4102 00
2398 4058 2623 4115 tempore
2658 4055 2713 4101 in
2756 4052 3010 4112 ‘Scythia'
3049 4053 3365 4116 habitarent,
3408 4060 3667 4118 propterea
3703 4057 3954 4104 vandalos
3989 4059 4042 4105 in
4081 4058 4235 4104 Dacia
4273 4057 4455 4104 'I'rans-

1204 4144 1491 4193 danuviana
1536 4141 1852 4189 collocavisse
1900 4144 1954 4187 et
1999 4141 2060 4187 ob
2106 4153 2216 4187 eam
2263 4154 2461 4187 03083111
2511 4140 2697 4188 bellum
2733 4141 2867 4187 inter
2901 4140 3153 4188 vandalos
3189 4146 3241 4187 et
3276 4141 3462 4189 Gothos
3499 4146 3611 4203 post
3646 4143 3876 4189 amissam
3914 4159 3942 4191 a
3980 4143 4211 4191 Romanis
4248 4139 4450 4191 Daciam

1201 4231 1536 4280 collocavisse.

1380 4314 1463 4376 59)
1505 4314 1643 4372 Quae
1679 4327 1743 4360 ex
1779 4318 1992 4373 utroque
2029 4313 2256 4362 Iordanis
2290 4313 2464 4360 libello
2501 4314 2800 4372 colliguntur
2835 4312 3165 4362 indicationes
3201 4315 3556 4377 geographicae
3594 4315 3809 4376 demptis
3845 4316 3936 4374 iis,
3978 4329 4104 4376 quas
4140 4317 4200 4363 ab
4237 4318 4452 4363 auctori-

1202 4406 1299 4451 bus
1334 4385 1702 4462 antiquioribus
1738 4399 2022 4459 transtulit,
2075 4404 2455 4460 repraesentant
2490 4414 2604 4447 cnm
2642 4412 2808 4447 rerum
2845 4400 3155 4461 publicarum
3195 4407 3379 4449 statum
3418 4403 3505 4464 qui
3543 4409 3650 4450 tum
3688 4402 3806 4451 suit.
3882 4404 4075 4450 scilicet
4122 4403 4175 4448 in
4227 4403 4452 4464 partibus

1203 4489 1491 4538 Occidentis
1526 4499 1654 4547 quae
1691 4485 1747 4532 ad
1776 4486 1968 4532 Italiam
1995 4486 2269 4547 pertinent,
2313 4500 2421 4533 eam
2459 4487 2822 4545 provinciarum
2847 4486 3205 4534 ordinationem
3231 4495 3528 4550 sequuntur,
3571 4503 3698 4550 quae
3726 4491 3961 4537 instituta
3984 4491 4044 4537 ab
4068 4490 4454 4551 imperatoribus

1207 4575 1389 4623 mansit
1425 4575 1521 4621 sub
1560 4571 1887 4632 Theoderico3
1929 4575 2073 4619 extra
2108 4572 2305 4619 Italiam
2340 4585 2429 4634 pro
2467 4573 2738 4633 provinciis
2773 4573 3106 4634 imperatoriis
3143 4576 3420 4623 substituta
3455 4582 3578 4624 sunt
3613 4591 3764 4636 regna
3798 4591 3926 4638 quae
3965 4582 4073 4623 tum
4110 4578 4332 4625 fuerunt.
4392 4575 4452 4623 de

1206 4661 1433 4722 partibus
1469 4659 1697 4707 Orientis
1733 4671 1861 4719 quae
1897 4657 2167 4705 traduntur
2199 4658 2251 4704 in
2290 4660 2584 4706 universum
2621 4659 2929 4706 conveniunt
2964 4673 3075 4707 cum
3103 4660 3290 4708 Notitia
3326 4663 3689 4722 provinciarum
3727 4664 3863 4711 edita
3899 4663 4066 4724 paullo
4101 4667 4217 4709 ante
4254 4676 4298 4710 3.
4331 4661 4446 4721 535,

1202 4747 1252 4794 111
1290 4751 1369 4794 081
1404 4759 1461 4793 eo
1498 4747 1606 4807 ipso
1643 4749 1882 4807 tempore,
1924 4757 2023 4805 quo
2060 4744 2257 4806 scripsit
2293 4743 2649 4805 Cassiodorius,
2694 4744 3054 4803 Synecdemum
3090 4746 3200 4794 dico
3234 4747 3493 4809 Hieroclis,
3537 4749 3767 4809 quodque
3803 4755 3973 4796 auctor
4008 4749 4148 4795 novit
4184 4749 4452 4808 imperium

1199 4834 1451 4892 Orientes,
1493 4832 1543 4878 id
1582 4840 1659 4878 est
1694 4831 1825 4893 quod
1864 4831 1965 4878 fuit
2001 4831 2093 4879 sub
2129 4832 2412 4878 Iustiniano
2449 4835 2565 4878 ante
2601 4831 2829 4888 bella‚ab
2865 4845 2921 4880 eo
2959 4833 3012 4880 in
3037 4833 3306 4881 Occidente
3344 4841 3501 4891 gesta.
3575 4834 3817 4881 differunt
3841 4835 4094 4882 Hierocles
4131 4840 4183 4882 et
4219 4832 4452 4881 Iordanes

1200 4933 1276 4978 00,
1319 4919 1448 4980 quod
1484 4917 1570 4964 ille
1595 4917 1902 4965 Pannoniam
1945 4917 2034 4978 (sic
2071 4915 2220 4977 nude)
2263 4930 2374 4964 cum
2411 4916 2702 4964 civitatibus
2737 4917 2928 4965 duabus
2966 4919 3086 4965 solis
3114 4919 3296 4967 Sirmio
3333 4926 3383 4968 et
3408 4921 3656 4967 Bassianis
3692 4921 3899 4982 imperio
3922 4920 4144 4968 Orientis
4175 4920 4448 4979 adiudicat,

1200 5010 1372 5052 contra
1406 5004 1611 5051 Iordane
1649 5009 1778 5050 teste
1815 5018 1859 5052 0.
1889 5003 1970 5061 58,
2003 5003 2103 5051 300
2131 5001 2372 5049 Sirmium
2410 5007 2543 5050 certe
2579 5003 2674 5050 sub
2701 5003 3001 5052 Theoderico
3025 5005 3144 5064 ruit,
3185 5020 3398 5066 quocum
3425 5008 3660 5053 convenit
3684 5007 3952 5067 Procopius
3977 5006 4150 5055 anecd.
4183 5004 4242 5053 18
4268 5021 4318 5067 p.
4355 5005 4450 5053 108

1200 5093 1395 5138 Bonn.:
1436 5084 1688 5139 κατέτεινε
1724 5087 1759 5155 ἡ
1798 5083 2004 5138 restem
2041 5085 2177 5159 ἀρχὴ
2216 5086 2314 5156 πρὸ
2350 5084 2500 5137 τοῦδε
2536 5091 2625 5138 τοῦ
2663 5085 2892 5155 πολέμου
2933 5087 2992 5140 ἐκ
3029 5085 3241 5141 Γάλλων
3277 5096 3368 5158 τῆς
3404 5096 3499 5160 γῆς
3535 5088 3658 5162 ἄχρι
3692 5097 3792 5142 τῶν
3832 5086 4020 5148 Anniae
4059 5088 4240 5157 ὁρίων,
4288 5088 4347 5141 οὗ
4386 5090 4449 5158 δὴ

1201 5172 1347 5231 πόλις
1382 5174 1439 5224 τὸ
1470 5169 1680 5240 Σίρμιόν
1720 5170 1842 5235 ἐστι,
1884 5179 1940 5221 01
1976 5175 2173 5222 mittam
2210 5180 2441 5223 auctores
2467 5174 2652 5222 Gothos
2678 5175 3047 5224 Cassiodorium
3084 5177 3252 5227 chron.
3284 5194 3331 5225 a.
3363 5178 3460 5226 504
3488 5185 3539 5225 et
3564 5192 3662 5227 var.
3697 5178 3744 5240 8,
3781 5177 3842 5226 10
3879 5185 3929 5226 01
3954 5178 4241 5225 Ennodium
4267 5193 4445 5239 paneg.

1200 5278 1251 5324 p.
1293 5261 1393 5310 410
1433 5261 1577 5309 Sirm.
1620 5266 1671 5307 at
1708 5274 1821 5307 cum
1859 5259 2191 5309 Theodericus
2238 5261 2367 5310 hanc
2411 5261 2663 5320 regionem
2712 5276 2811 5311 non
2860 5278 2974 5311 cum
3025 5264 3217 5325 reliqua
3261 5265 3407 5312 Italia
3449 5269 3501 5311 et
3548 5264 3745 5322 Illyrico
3792 5264 4092 5322 obtinuerit,
4146 5265 4232 5312 scd
4282 5270 4453 5326 postea

1198 5349 1399 5395 demum
1423 5346 1632 5408 Gepidis
1670 5347 1929 5407 eripuerit,
1970 5346 2222 5408 probabile
2260 5351 2339 5393 est
2362 5346 2582 5396 Orientis
2619 5350 2967 5410 imperatorem
3005 5351 3277 5411 provinciis
3304 5350 3606 5398 Theoderico
3642 5350 3755 5397 iure
3792 5351 4039 5398 concessis
4074 5350 4201 5397 hanc
4236 5365 4335 5400 non
4362 5352 4449 5399 ad-

1197 5446 1504 5494 numerasse,
1546 5433 1717 5493 itaque
1754 5432 2035 5480 Hieroclem
2072 5437 2259 5479 statum
2297 5447 2465 5481 rerum
2504 5448 2730 5483 enarrare
2765 5449 2896 5496 enm,
2939 5436 3104 5497 qualis
3139 5449 3249 5483 esse
3285 5436 3461 5484 debuit
3496 5437 3772 5483 seeundum
3809 5438 4132 5499 imperatores
4165 5437 4446 5498 Byzantios,

1196 5520 1473 5578 Iordanem,
1513 5519 1567 5566 id
1604 5522 1681 5566 est
1716 5516 2082 5566 Cassiodorium
2120 5532 2234 5565 eum
2273 5522 2362 5580 qui
2400 5524 2509 5568 tum
2546 5521 2664 5569 suit.
2724 5522 2898 5569 eodem
2933 5523 3248 5570 referendum
3287 5528 3382 5580 est,
3423 5523 3550 5583 quod
3590 5523 3904 5584 paullo-post
3940 5524 4131 5571 obitum
4158 5523 4449 5572 Theoderici

1198 5604 1594 5654 Amalasuentha
1636 5604 1828 5652 ‘contra
1864 5604 2087 5652 Orientis
2123 5606 2367 5667 principis
2406 5612 2574 5654 votum
2611 5607 2885 5656 Romanum
2923 5609 3046 5656 fecit
3081 5623 3190 5656 esse
3226 5608 3540 5656 Danuvium‘
3579 5611 3875 5670 (cassiodor.
3915 5624 4018 5658 var.
4064 5609 4143 5668 11,
4191 5608 4258 5670 1).

1369 5690 1452 5751 60)
1495 5690 1621 5739 Cum
1652 5687 1798 5737 Savia
1834 5691 2104 5751 provincia,
2146 5704 2276 5752 quae
2313 5696 2365 5740 et
2400 5693 2510 5753 ipsa
2547 5707 2643 5742 non
2681 5706 2788 5741 raro
2817 5693 3000 5742 Suavia
3036 5694 3237 5755 dicitur,
3281 5695 3556 5743 Suaborum
3593 5710 3761 5755 agrum
3799 5697 4034 5744 Iordanes
4070 5696 4316 5754 contudit,
4359 5696 4448 5743 sed

1195 5781 1254 5823 ut
1288 5777 1406 5837 quid
1446 5775 1785 5826 Cassiodorius
1822 5776 2033 5825 voluerit
2070 5778 2278 5826 dubium
2316 5791 2426 5826 esse
2466 5792 2562 5827 non
2598 5780 2775 5842 possit.
2851 5780 2967 5829 vide
3004 5780 3222 5829 indicem
3261 5781 3496 5830 locorum.
