4882 6775
455 1604 509 1644 10

446 2120 505 2160 15

440 2634 501 2675 20

2031 476 2331 533 GETICA.
3692 486 3810 548 103

552 659 938 741 abstulerat,
1013 684 1053 727 a
1119 665 1376 730 sollerte
1445 665 1701 730 domino
1768 674 1832 732 et
1896 667 2073 732 fideli
2134 667 2394 733 ductore
2455 688 2626 733 nunc
2685 675 2984 733 revocata
3041 667 3359 751 hodieque
3420 674 3801 757 congaudet.
3854 668 4147 734 XXXIII

551 762 846 845 quamvis
906 771 971 830 et
1027 773 1173 850 post
1226 768 1388 833 haec
1445 768 1916 851 aliquantulum
1974 769 2276 835 intestino
2321 771 2563 856 proelio
2609 771 3100 853 Maurorumque
3144 772 3529 841 infidelitate
3575 778 3812 844 adtrita

556 884 698 930 sese
745 867 1228 951 lamentaverit,
1298 878 1513 936 tamen
1569 871 1931 957 triumphus
1977 873 2318 939 Iustiniani
2377 873 2780 958 imperatoris
2838 894 2879 938 a
2930 874 3051 940 deo
3099 876 3222 941 sibi
3269 877 3572 961 donatus,
3638 882 3810 964 quod

553 968 983 1049 inchoaverat,
1039 971 1139 1036 ad⁴
1171 993 1398 1057 pacem
1443 993 1644 1057 usque
1690 975 2011 1059 perduxit.
2094 976 2212 1041 sed
2255 976 2438 1042 nobis
2483 976 2636 1059 quid
2683 996 2844 1060 opus
2876 984 2991 1059 est,
3046 978 3214 1044 unde
3245 1000 3349 1046 res
3387 1002 3514 1046 non
3545 991 3799 1068 exeget,

555 1071 812 1137 dicere?
876 1073 964 1138 ad
1007 1076 1401 1160 propositum
1446 1077 1810 1143 redeamus.

722 1176 939 1242 Vallia
984 1178 1039 1242 si
1081 1177 1378 1260 quidem,
1443 1200 1555 1245 rex
1602 1180 1986 1264 Gothorum,
2054 1183 2218 1248 adeo
2279 1202 2420 1248 cum
2476 1183 2610 1248 suis
2655 1183 2724 1248 in
2767 1184 3097 1249 Vandalos
3143 1187 3507 1269 saeviebat,
3577 1197 3647 1255 ut
3688 1210 3803 1255 vo-
3853 1187 3972 1248 173

551 1278 780 1344 luisset
823 1298 934 1345 eos
979 1281 1172 1346 etiam
1221 1289 1284 1347 et
1324 1282 1393 1346 in
1438 1282 1658 1348 Africa
1702 1284 2021 1368 persequi,
2074 1284 2200 1350 nisi
2246 1305 2389 1350 eum
2437 1304 2647 1368 casUS,
2700 1286 2809 1370 qui
2854 1286 3093 1351 dudum
3136 1288 3437 1355 Halarico
3480 1291 3548 1355 in
3588 1292 3808 1358 Africa

549 1381 837 1447 tendenti
904 1384 1290 1468 contigerat,
1367 1391 1821 1469 revocasset1).
1918 1388 2296 1454 nobilitatus
2360 1409 2637 1471 namque
2702 1390 2874 1454 intra
2940 1389 3216 1474 Spanias
3279 1392 3806 1478 incruentamque

549 1483 882 1550 victoriam
928 1487 1166 1571 potitus
1211 1490 1513 1553 Tolosam
1559 1491 1927 1569 revertitur,
1981 1492 2268 1556 Romano
2314 1492 2582 1577 imperio
2628 1491 2872 1574 fugatis
2916 1493 3203 1559 hostibus
3247 1494 3613 1577 aliquantas
3657 1518 3805 1582 pro-

549 1587 813 1667 vincias,
865 1589 1037 1672 quod
1083 1591 1484 1675 promiserat,
1538 1593 2013 1676 derelinquens,
2069 1595 2318 1677 sibique
2363 1595 2640 1660 adversa
2683 1603 2827 1680 post
2872 1596 3133 1679 longum
3180 1598 3534 1664 valitudine
3580 1619 3806 1685 super-

547 1690 843 1756 veniente
905 1694 1095 1758 rebus
1151 1695 1448 1760 humanis
1508 1697 1815 1776 excessit,
1885 1716 1962 1762 eo
2009 1697 2310 1763 videlicet
2351 1706 2675 1783 tempore,
2741 1718 2866 1781 quo
2911 1698 3266 1780 Beremud,
3334 1701 3801 1769 Thorismundo

546 1800 725 1876 patre
770 1797 1164 1879 progenitus,
1216 1798 1296 1864 de
1341 1819 1467 1881 quo
1511 1800 1579 1864 in
1624 1801 1918 1883 catalogo
1963 1801 2335 1865 Amalorum
2382 1800 2668 1866 familiae
2715 1802 3008 1886 superius
3028 1804 3068 1883 2)
3126 1801 3425 1883 diximuS,
3482 1824 3624 1870 cum
3670 1806 3802 1872 filio

547 1896 850 1963 Vitiricho
897 1900 980 1964 ab
1028 1901 1468 1984 Ostrogothis,
1535 1903 1644 1985 qui
1689 1903 1902 1968 adhuc
1946 1903 2015 1968 in
2062 1903 2366 1988 Scythiae
2411 1910 2617 1970 terras
2661 1905 3034 1970 Hunnorum
3082 1905 3604 1989 oppressionibus
3649 1910 3803 1975 sub-

545 2001 874 2081 iacebant,
931 2002 1017 2067 ad
1060 2003 1573 2088 Vesegotharum
1618 2026 1886 2089 regnum
1933 2006 2252 2090 migravit.
2350 2008 2646 2073 conscius
2693 2009 2862 2073 enim
2908 2007 3161 2072 virtutis
3207 2015 3270 2073 et
3314 2010 3572 2093 generis
3616 2012 3802 2077 nobi-

545 2103 724 2169 litate
783 2103 1041 2170 facilius
1101 2106 1225 2171 sibi
1285 2108 1555 2173 credens
1614 2108 2039 2193 principatum
2099 2131 2141 2174 a
2196 2110 2568 2193 parentibus
2625 2110 2907 2191 deferre,
2981 2130 3170 2193 quem
3227 2110 3530 2177 heredem
3575 2133 3798 2197 regum

545 2208 876 2272 constabat
920 2228 1064 2274 esse
1110 2211 1475 2276 multorum.
1569 2212 1714 2294 quis
1758 2232 2034 2295 namque
2084 2212 2164 2277 de
2209 2214 2439 2278 Amalo
2487 2214 2829 2295 dubitaret,
2884 2215 2939 2279 si
2984 2222 3281 2279 vacasset
3326 2216 3624 2299 elegere?
3683 2219 3800 2283 sed

544 2330 660 2375 nec
703 2310 847 2395 ipse
891 2312 1056 2376 adeo
1101 2313 1323 2393 voluit,
1375 2313 1520 2396 quis
1567 2322 1758 2397 esset,
1819 2315 2179 2382 ostendere.
2275 2324 2339 2381 et
2380 2316 2480 2381 illi
2522 2316 2652 2382 iam
2699 2324 2844 2401 post
2885 2325 3152 2383 mortem
3197 2318 3451 2383 Valliae
3497 2319 3797 2386 Theode-

543 2413 750 2478 ridum
797 2413 856 2479 ei
903 2413 1216 2481 dederant
1260 2435 1716 2481 successorem.
1813 2417 1897 2482 ad
1941 2438 2131 2501 quem
2188 2419 2455 2485 veniens
2499 2419 2823 2485 Beremud
2876 2419 3072 2485 animi
3117 2420 3398 2504 pondere
3443 2442 3573 2504 qua
3616 2423 3799 2487 vale—

542 2516 654 2581 bat
710 2518 945 2582 eximio
1005 2518 1260 2602 generis
1323 2519 1422 2584 sui
1482 2520 1903 2604 amplitudine
1960 2520 2289 2586 commoda
2332 2522 2764 2587 taciturnitate
2811 2522 3197 2607 suppressit,
3267 2524 3476 2589 sciens
3522 2545 3799 2608 regnan-

541 2620 713 2686 tibus
760 2640 1011 2704 semper
1055 2621 1259 2703 regali
1306 2622 1500 2708 stirpe
1549 2624 1801 2707 genitos
1849 2643 1994 2690 esse
2042 2632 2394 2709 suspectos,
2476 2645 2709 2710 passus
2756 2632 2855 2691 est
2898 2645 3050 2710 ergo
3088 2626 3392 2710 ignorari,
3446 2648 3526 2693 ne
3556 2628 3799 2695 faceret

542 2723 833 2789 ordinata
893 2723 1221 2789 confundi.
1316 2734 1780 2811 susceptusque
1843 2747 1981 2792 cum
2042 2728 2175 2792 filio
2236 2747 2351 2794 suo
2410 2750 2453 2793 a
2510 2749 2665 2812 rege
2712 2728 3116 2794 Theodorido
3175 2729 3519 2795 honorifice
3576 2732 3786 2812 nimis,

541 2828 702 2892 adeo
748 2834 817 2890 ut
861 2847 983 2892 nec
1026 2827 1292 2892 consilio
1341 2847 1456 2893 suo
1502 2838 1830 2914 expertem
1876 2850 1995 2896 nec
2041 2830 2331 2895 convivio
2376 2830 2620 2897 faceret
2663 2832 2980 2910 alienum,
3048 2850 3175 2895 non
3230 2838 3446 2897 tamen
3504 2853 3620 2917 pro
3679 2855 3795 2918 ge-

540 2929 707 2994 neris
763 2929 1132 3010 nobilitate,
1199 2951 1392 3013 quam
1451 2931 1823 3016 ignorabat,
1889 2932 2005 2998 sed
2065 2953 2179 3017 pro
2234 2933 2430 2998 animi
2478 2933 2849 2999 fortitudine
2896 2941 2960 2999 et
3001 2934 3224 3000 robore
3268 2935 3529 3016 mentiS,
3599 2957 3792 3018 quarn

539 3053 661 3097 non
706 3040 959 3116 poterat
1003 3032 1341 3098 occultare.

706 3242 758 3288 H
781 3242 825 3288 P
856 3240 896 3285 V
918 3240 960 3287 L
986 3243 1028 3286 A
1056 3240 1093 3287 S
1125 3241 1171 3302 (6
1197 3242 1360 3289 Vallia
1384 3269 1452 3278 —-
1481 3242 1534 3291 11
1570 3245 1803 3303 excessit)
1839 3243 1881 3291 Ο
1906 3243 1951 3290 Β
1984 3244 2096 3303 (inc.
2130 3243 2152 3292 1
2180 3245 2445 3306 hodieque)
2480 3246 2527 3292 X
2557 3245 2623 3305 (Y
2646 3247 2729 3305 Z).

709 3361 728 3411 1
772 3378 799 3411 a
835 3376 932 3411 om.
969 3361 1010 3409 Ο
1241 3350 1465 3429 sollerte]
1501 3362 1662 3424 HPV,
1704 3364 1936 3425 sol(l)erti
1972 3366 2060 3413 rel.
2296 3364 2491 3414 doctore
2534 3366 2576 3414 O
2813 3371 2935 3415 tunc
2968 3372 3195 3417 reuocato
3236 3367 3278 3416 Ο
3519 3366 3792 3437 hodieque]

531 3449 676 3497 hodie
717 3450 759 3498 Ο
980 3447 1009 3495 2
1049 3449 1208 3510 prolio
1250 3450 1291 3497 Ο
1501 3463 1881 3511 maurorumque
1918 3446 2041 3516 inf.]
2077 3464 2356 3499 maurorum
2394 3454 2489 3500 inf.
2536 3452 2690 3510 XYZ,
2734 3466 3017 3501 maurorum
3054 3456 3100 3501 A
3308 3454 3492 3502 adtrita
3527 3452 3660 3522 sese]
3700 3457 3789 3504 ad·

530 3537 692 3583 tritam
731 3548 841 3583 sese
878 3536 942 3596 A,
983 3536 1240 3584 adtritasse
1271 3536 1330 3595 0,
1373 3537 1570 3584 attrism
1608 3550 1661 3584 se
1687 3534 1776 3596 3⁰,
1820 3538 2040 3584 attritam
2078 3551 2131 3585 se
2169 3523 2238 3583 Bb
2446 3537 2476 3586 3
2514 3539 2788 3586 lamentata
2824 3541 2890 3587 sit
2929 3541 2969 3586 A
3182 3541 3281 3589 sibi
3319 3555 3413 3590 om.
3445 3541 3490 3587 A
3697 3542 3789 3591 do-

531 3623 662 3670 natis
699 3622 743 3669 L
975 3617 1130 3687 quod]
1168 3635 1296 3682 quae
1336 3624 1380 3669 A
1625 3622 1656 3670 4
1693 3619 1894 3688 exeget]
1932 3622 2090 3684 HPV,
2136 3625 2302 3683 exegit
2338 3624 2400 3682 L,
2444 3625 2607 3684 exigit
2642 3625 2838 3672 AOBX
2850 3626 2889 3672 Y
3124 3625 3156 3675 6
3193 3623 3364 3693 uallis]
3405 3625 3612 3688 HPVL,
3657 3629 3788 3676 ualia

529 3708 720 3756 AOBX
730 3708 780 3764 Y,
823 3709 1024 3756 unalias
1063 3708 1100 3755 S
1307 3709 1454 3757 adeos
1497 3709 1539 3756 O
1747 3709 2018 3756 uuandolos
2061 3709 2130 3757 0⁶
2367 3710 2394 3757 7
2435 3717 2488 3759 et
2524 3727 2621 3760 om.
2651 3710 2970 3759 LASOBXY
3176 3712 3377 3760 africam
3414 3713 3458 3759 A
3667 3728 3787 3762 cau-

526 3809 610 3842 sus
655 3794 696 3841 O
939 3796 1029 3855 qui
1063 3809 1157 3842 om.
1188 3795 1232 3842 L
1473 3790 1551 3859 in]
1590 3794 1841 3853 HPVLA,
1882 3797 1942 3842 ad
1978 3795 2172 3854 SBXY‚
2213 3811 2307 3844 om.
2345 3795 2387 3843 Ο
2524 3843 2527 3852 ,
2649 3793 2825 3863 africa]
2862 3798 3067 3860 HPVL,
3108 3800 3332 3860 affrigam
3370 3799 3473 3862 80,
3516 3801 3786 3861 af(s)ricam

527 3881 712 3927 ABXY
949 3880 978 3930 8
1017 3882 1293 3941 contigeret
1327 3880 1387 3940 L,
1432 3882 1742 3940 contigerant
1779 3880 1818 3928 S
2049 3884 2320 3931 reuocassit
2363 3882 2405 3929 O
2637 3884 2873 3932 nobilitas
2919 3883 3008 3931 ΟΒ
3240 3885 3496 3947 hispanias
3532 3885 3675 3948 ABX
3686 3887 3723 3934 Y

525 3968 887 4028 incruentaque
924 3968 1133 4015 uictoria
1169 3967 1232 4026 B,
1273 3967 1685 4028 incrementaque
1721 3967 1959 4016 uictoriae
1999 3970 2044 4014 A
2283 3968 2343 4017 10
2380 3973 2493 4030 post
2527 3966 2755 4036 longum]
2791 3977 2906 4032 post
2940 3970 3104 4031 logum
3143 3970 3196 4031 S,
3237 3979 3354 4033 post
3391 3958 3473 4033 1⁴¹²,
3516 3967 3613 4021 om'.
3644 3971 3718 4021 L⁶

526 4053 860 4102 ualitudinem
896 4054 934 4102 S
1143 4054 1540 4114 superueniente
1576 4067 1673 4104 om.
1707 4054 1842 4100 XYZ
2057 4054 2111 4103 11
2156 4052 2418 4121 beremud]
2456 4055 2613 4117 HPV,
2654 4056 2884 4104 berimud
2920 4055 2981 4118 L,
3022 4058 3284 4105 beremuth
3322 4051 3431 4120 OB,
3470 4060 3689 4107 berimut
3716 4060 3777 4120 A,

526 4141 794 4189 beremund
835 4141 895 4199 Χ,
937 4140 1205 4187 berimund
1250 4140 1364 4186 YZ:
1402 4138 1472 4198 cs.
1502 4155 1542 4188 c.
1576 4142 1750 4198 14,,81
1987 4141 2340 4189 thoresmundo
2376 4141 2486 4202 ΒΧ,
2529 4143 2849 4190 thoresmund
2897 4143 2993 4203 YZ,
3035 4144 3317 4192 torimundo
3354 4143 3418 4202 A,
3458 4144 3783 4191 thoresmun-

523 4227 640 4274 dum
686 4226 728 4275 Ο
942 4223 1002 4274 12
1039 4227 1314 4286 proienitus
1351 4224 1394 4272 L
1604 4227 1659 4272 in
1695 4222 1937 4317 catalozo]
1972 4228 2214 4288 iactalago
2255 4227 2297 4275 Ο
2514 4227 2575 4277 13
2612 4223 2870 4293 uitiricho]
2906 4228 3117 4288 HPVO,
3165 4230 3434 4277 uuitterico
3470 4228 3533 4286 L,
3575 4231 3784 4277 niterico

525 4313 586 4372 A,
629 4313 887 4361 uuiderico
924 4312 985 4371 Β,
1029 4312 1282 4359 uuithrico
1322 4312 1380 4369 X,
1426 4313 1607 4359 uitrico
1652 4312 1732 4358 ΥΖ
1963 4313 2297 4373 hostrogothis
2340 4313 2383 4361 Ο
2614 4320 2749 4362 terra
2784 4313 2845 4373 Β,
2886 4316 3036 4362 terris
3073 4314 3220 4360 AXY
3438 4310 3783 4381 subiacebant]

521 4399 888 4447 sublaterabant
929 4398 971 4445 O
1183 4395 1245 4446 14
1282 4398 1344 4445 ad
1381 4412 1492 4446 ueS.
1540 4399 1953 4460 (uuisigothorum
1983 4400 2138 4460 ΧΥΖ)
2181 4414 2317 4460 regn.
2360 4402 2505 4460 migr.
2545 4413 2642 4449 om.
2674 4401 2718 4447 Β
2926 4396 3088 4466 enim]
3124 4402 3261 4448 enim
3298 4405 3403 4449 erat
3438 4401 3483 4447 Β
3689 4415 3780 4449 no·

521 4486 764 4533 bilitatem
790 4486 880 4534 LA
1095 4483 1156 4532 15
1193 4485 1479 4545 principatu
1514 4483 1555 4530 V
1757 4499 1785 4531 a
1821 4499 1918 4533 om.
1954 4486 1996 4533 O
2204 4482 2420 4552 deferre]
2456 4486 2714 4548 HPVLO,
2757 4487 2941 4535 deferri
2975 4486 3166 4533 ABXY
3374 4485 3434 4535 16
3472 4501 3583 4534 esse
3619 4491 3777 4534 const.

521 4569 563 4617 L
770 4566 1007 4635 namque]
1045 4572 1181 4618 enim
1208 4570 1346 4618 ΧῩΖ
1538 4566 1720 4635 amalo]
1757 4571 1882 4619 malo
1908 4572 1950 4618 13
2145 4572 2430 4620 dubitasset
2454 4571 2537 4619 X‘
2751 4571 2812 4620 17
2850 4568 2987 4639 quis]
3009 4571 3343 4620 HPVLAOB
3355 4572 3406 4634 Y,
3449 4574 3592 4634 quasi
3621 4572 3713 4619 ΧΖ

519 4657 803 4705 ostenderet
841 4657 882 4701 Α
1092 4652 1300 4722 ualliae]
1335 4656 1439 4703 ΗΡ
1452 4655 1550 4718 VL,
1595 4657 1757 4704 ualiae
1794 4656 2032 4705 AOBXY
2236 4654 2609 4723 theoderidum]
2646 4657 2944 4721 HPVLYZ,
2988 4659 3296 4707 teoderidum
3336 4660 3396 4720 A,
3441 4659 3781 4706 theodericum

524 4742 630 4804 ΟΧ,
675 4743 1010 4791 theodoritum
1047 4742 1090 4788 B
1126 4756 1240 4790 cum
1276 4742 1436 4790 Paulo
1475 4742 1522 4793 h.
1565 4742 1626 4790 R.
1670 4745 1753 4802 14,
1784 4745 1816 4790 6
2033 4741 2095 4792 18
2132 4743 2379 4792 dederunt
2419 4743 2613 4793 OBXY
2811 4752 2859 4792 at
2894 4759 3022 4806 quae
3066 4743 3109 4791 Ο
3318 4740 3580 4810 beremud]
3618 4743 3773 4802 HPV,

518 4829 740 4877 berimud
766 4829 824 4889 L,
867 4829 1086 4876 berimut
1111 4830 1173 4890 A,
1215 4830 1493 4877 beremund
1525 4829 1676 4891 OBX,
1719 4830 1982 4878 berimund
2018 4830 2057 4876 Υ
2263 4826 2380 4897 qua]
2416 4844 2515 4892 quo
2540 4829 2743 4892 ABXY,
2785 4830 2917 4891 quod
2946 4828 2989 4876 Ο
3200 4829 3263 4879 19
3300 4832 3534 4879 eximiam
3575 4830 3713 4877 OBY

517 4915 687 4972 generi
724 4916 806 4962 sui
846 4914 908 4973 Ο,
950 4916 1031 4963 sui
1067 4927 1183 4975 gen.
1224 4915 1267 4963 L
1493 4911 1851 4981 amplitudine]
1889 4914 2164 4976 H(‘?)PVL,
2206 4930 2350 4964 -nem
2384 4918 2473 4964 rel.
2709 4913 2776 4963 20
2813 4912 2990 4982 regali]
3026 4917 3087 4964 de
3123 4918 3276 4976 regali
3313 4916 3358 4963 Β
3582 4917 3779 4975 genitos

518 5016 612 5048 om.
649 5001 740 5048 OB
979 5006 1243 5062 suspectus
1285 5001 1327 5048 O
1588 5000 1646 5050 21
1691 5001 1965 5049 ordinanda
2007 4999 2098 5048 OB
2342 5007 2701 5064 susceptosque
2744 5001 2786 5050 Ο
3028 4999 3165 5068 cum]
3203 5017 3231 5049 a
3269 4999 3358 5064 IJ‘,
3402 5007 3481 5049 est
3516 5015 3628 5048 cum
3665 5000 3711 5047 B

516 5081 567 5151 a]
602 5098 716 5133 cum
753 5084 826 5132 L‘
1047 5074 1472 5148 theodorito-OB,
1516 5088 1794 5136 theoderico
1832 5089 1877 5135 A
2111 5085 2176 5135 22
2216 5084 2330 5154 nec]
2367 5088 2459 5137 hec
2501 5087 2543 5134 O
2768 5088 2967 5136 consilii
3003 5090 3083 5137 sui
3123 5089 3168 5135 A
3396 5090 3626 5136 conuiuii
3664 5089 3705 5135 A

513 5169 638 5237 non]
674 5186 786 5220 nam
823 5173 868 5219 A
1077 5169 1270 5239 tamen]
1308 5179 1501 5221 tanturn
1544 5173 1650 5232 OB,
1691 5179 1792 5221 tam
1828 5174 1878 5221 Χ
1889 5173 1969 5220 ΥΖ
2180 5173 2244 5223 23
2282 5174 2500 5222 nobilate
2537 5172 2579 5220 L
2789 5170 2997 5240 mentis]
3034 5175 3199 5234 gentis
3243 5174 3334 5222 OB

690 5345 731 5406 1)
783 5346 983 5394 Orosius
1024 5348 1067 5407 7,
1106 5347 1189 5402 43,
1233 5348 1310 5393 11.
1348 5345 1442 5391 12.-
1489 5344 1695 5404 (Vallia)
1736 5345 1941 5392 territus
1980 5347 2200 5394 maxime
2236 5345 2419 5393 iudicio
2455 5345 2553 5405 dei,
2598 5347 2731 5407 quia,
2774 5359 2888 5393 cum
2924 5359 3101 5405 magna
3138 5347 3392 5405 superiore
3429 5344 3609 5391 abhinc
3645 5356 3775 5390 anno

518 5430 996 5480 Gothorum-manus
1023 5467 1036 5479 .
1071 5468 1081 5478 .
1117 5466 1129 5479 .
1161 5432 1378 5478 transire
1416 5432 1471 5477 in
1500 5431 1721 5484 Africam
1757 5431 2030 5491 moliretur,
2071 5433 2126 5478 in
2162 5443 2242 5478 111
2280 5432 2488 5479 milibus
2524 5445 2763 5492 passuum
2787 5430 3022 5479 Gaditani
3057 5432 3180 5479 freti
3215 5434 3518 5491 tempestate
3554 5433 3776 5488 correpta

515 5516 784 5565 miserabili
820 5518 966 5564 exitu
1001 5518 1246 5579 perierat,
1301 5529 1489 5563 memor
1525 5518 1674 5564 etiam
1709 5517 1848 5563 illius
1883 5522 2115 5577 acceptae
2151 5519 2244 5565 sub
2280 5517 2480 5564 Alarico
2517 5516 2699 5579 cladis,
2757 5530 2870 5565 cum
2907 5519 2962 5565 in
2998 5516 3219 5566 Siciliam
3257 5515 3408 5564 Gothi
3442 5515 3655 5563 transire
3691 5526 3773 5560 co-

516 5603 620 5650 nati
658 5604 710 5650 in
750 5610 1024 5663 conspectu
1063 5616 1263 5651 suorum
1302 5603 1652 5652 miserabiliter
1685 5603 1874 5663 arrepti
1909 5607 1961 5649 et
1997 5602 2213 5651 demersi
2251 5607 2399 5662 sunt,
2455 5615 2627 5664 pacem
2669 5639 2681 5650 .
2715 5638 2725 5650 .
2761 5639 2773 5652 .
2815 5616 2929 5650 cum
2966 5601 3181 5650 Honorio
3219 5638 3231 5651 .
3268 5639 3282 5653 .
3315 5602 3583 5662 „pepigit
3662 5600 3773 5647 Ior-

513 5689 664 5737 danes
706 5687 791 5748 (ef.
835 5702 986 5749 supra
1018 5703 1072 5748 p.
1116 5690 1197 5746 99,
1239 5690 1285 5747 8)
1331 5688 1445 5736 haec
1481 5691 1729 5750 pervertit.

687 5773 737 5834 2)
778 5789 820 5824 c.
866 5779 947 5835 ιι,
990 5778 1074 5824 81.

3854 1703 3972 1763 174

3849 2322 3966 2382 175
