4882 6775
1067 438 1149 501 68
2512 437 2804 493 IORDAN
2808 438 2875 494 IS

901 624 1021 692 VII
1066 646 1414 707 conversae
1474 627 1728 693 deditas
1784 627 1910 694 sibi
1970 626 2331 712 provincias
2392 629 2763 695 effecerunt.
2857 627 2967 694 ubi
3027 614 3272 693 diu'tius
3332 627 3742 709 dominantes
3786 628 3982 693 etiam
4025 626 4319 699 civitates

1062 739 1403 814 castraque
1463 751 1579 796 suo
1639 731 1706 796 in
1757 731 2014 797 nomine
2060 731 2460 797 dicaverunt.
2552 731 2795 815 Ephesi
2854 752 3103 814 quoque
3160 732 3472 815 templum
3519 731 3769 796 Dianae
3828 732 3909 796 ob
3968 729 4317 813 sagittandi

1059 854 1139 898 ac
1180 834 1462 899 venandi
1507 834 1812 915 studium,
1865 834 2098 916 quibus
2142 853 2213 900 se
2258 835 2503 900 artibus
2545 834 2982 916 tradidissent,
3035 835 3260 899 effusis
3305 834 3531 917 opibus
3576 834 3776 900 mirae
3822 833 4318 921 pulchritudinis

936 940 1018 1000 52
1064 937 1492 1007 condiderunt
1510 941 1549 1018 ¹)
1567 988 1582 1002 .
1674 938 1808 1003 tale
1853 958 2007 1021 ergo
2039 937 2343 1020 Scythiae
2388 938 2651 1020 genitae
2697 937 2977 1002 feminae
3007 956 3163 1002 casn
3194 937 3389 1003 Asiae
3419 957 3620 1020 regna
3650 938 3891 1022 potitae
3920 956 4037 1022 per
4066 944 4318 1001 centum

1059 1060 1226 1125 pene
1271 1060 1472 1105 annos
1514 1048 1857 1107 tenuerunt
1871 1043 1917 1122 ²)
1986 1048 2051 1105 et
2106 1040 2201 1105 sic
2260 1039 2518 1105 demum
2579 1040 2663 1104 ad
2722 1040 3014 1125 proprias
3067 1041 3274 1105 socias
3318 1040 3386 1105 in
3432 1048 3653 1106 cautes
3697 1040 4088 1124 Marpesios,
4154 1059 4316 1120 quas

1061 1143 1357 1228 superius
1401 1144 1721 1225 diximus,
1773 1143 2196 1228 repedarunt,
2248 1144 2316 1208 in
2360 1150 2642 1208 montem
2690 1142 2938 1209 scilicet
2981 1144 3256 1208 Caucasi
3277 1148 3353 1225 ³).
3448 1144 3629 1208 cuius
3675 1144 3908 1208 montis
3953 1143 4106 1226 quia
4148 1142 4319 1208 facta

1056 1246 1286 1315 iterum
1332 1246 1571 1312 mentio
1615 1253 1717 1313 est
1732 1250 1806 1331 ⁴),
1859 1266 1986 1311 non
2030 1247 2113 1310 ab
2160 1266 2229 1310 re
2259 1246 2532 1310 arbitror
2561 1245 2702 1310 eius
2731 1252 3003 1310 tractum
3036 1246 3356 1328 situmque
3387 1246 3773 1328 describere,
3824 1246 4081 1330 quando
4112 1246 4319 1310 maxi-

934 1352 1014 1413 53
1061 1370 1231 1414 mam
1277 1357 1525 1434 partem
1571 1350 1745 1415 orbis
1789 1349 2072 1415 noscitur
2117 1348 2381 1414 circuire
2426 1349 2580 1431 iugo
2627 1348 2948 1413 continuo.
3041 1349 3098 1412 is
3129 1368 3407 1432 namque
3436 1350 3520 1414 ab
3551 1350 3773 1415 Indico
3813 1370 3989 1415 mare
4020 1368 4310 1431 surgens,

926 1973 1005 2030 54

921 2490 1002 2547 55

1054 1473 1183 1536 qua
1227 1453 1559 1519 meridiem
1605 1453 1910 1536 respicit,
1940 1454 2076 1518 sole
2119 1459 2467 1536 vaporatus
2511 1451 2821 1529 ardescit3
2875 1471 3003 1535 qua
3048 1453 3481 1535 septentrione
3529 1459 3723 1537 patet,
3774 1452 4133 1535 rigentibus
4160 1472 4318 1517 ven-

1053 1555 1138 1619 tis
1182 1563 1284 1622 est
1325 1555 1642 1620 obnoxius
1689 1564 1755 1622 et
1796 1555 2045 1640 pruinis
2068 1560 2144 1637 ⁵).
2240 1573 2387 1618 mox
2432 1554 2499 1618 in
2543 1553 2801 1637 Syriam
2846 1561 3107 1619 curvato
3152 1555 3392 1637 angulo
3440 1555 3752 1637 reflexus,
3819 1556 3972 1620 licet
4030 1556 4312 1620 amnium

1053 1658 1360 1743 plurimos
1418 1658 1705 1740 emittat,
1773 1659 1840 1723 in
1887 1659 2352 1723 Vasianensem
2411 1664 2629 1724 tamen
2673 1658 3001 1740 regionem
3047 1655 3380 1722 Eufratem
3425 1658 3799 1742 Tigrimque
3844 1659 4186 1741 navigeros
4231 1658 4316 1722 ad

1051 1762 1415 1845 opinionem
1451 1762 1799 1828 maximam
1829 1762 2208 1845 perennium
2239 1761 2509 1827 fontium
2543 1761 2822 1845 cupiosis
2853 1760 3066 1825 fundit
3093 1761 3418 1827 uberibus.
3500 1762 3608 1844 qui
3637 1762 4083 1847 amplexantes
4114 1768 4314 1826 terras

1051 1863 1360 1948 Syrorum
1399 1864 1929 1949 Mesopotamiam
1991 1872 2055 1930 et
2113 1865 2429 1950 appellari
2491 1863 2738 1929 faciunt
2782 1871 2846 1929 et
2889 1864 3126 1944 videri,
3195 1865 3261 1927 in
3316 1864 3528 1929 sinum
3587 1865 3761 1930 rubri
3821 1864 4017 1929 maris
4073 1863 4314 1928 fluenta

1054 1966 1470 2051 deponentes.
1564 1974 1715 2032 tunc
1758 1967 1824 2033 in
1868 1968 2129 2033 boream
2174 1975 2505 2034 revertens
2550 1967 2888 2051 Scythicas
2933 1973 3137 2032 terras
3181 1966 3372 2049 iugus
3429 1966 3754 2032 antefatus
3814 1967 4068 2050 magnis
4125 1966 4313 2031 flexi-

1051 2070 1171 2135 bus
1216 2078 1608 2154 pervagatur
1650 2077 1845 2153 atque
1889 2070 2131 2136 ibidem
2163 2072 2609 2154 opinatissima
2637 2071 2904 2135 flumina
2930 2071 3001 2135 in
3032 2070 3337 2155 Caspium
3368 2091 3544 2136 mare
3574 2070 3972 2156 profundens
4002 2071 4301 2147 Araxem,

1047 2173 1291 2256 Gysum
1323 2179 1388 2238 et
1419 2173 1764 2239 Cambisen
1810 2174 2304 2257 continuatoque
2347 2174 2501 2258 ingo
2545 2173 2631 2239 ad
2660 2173 2945 2258 Ripheos
2994 2192 3194 2257 usque
3236 2174 3304 2238 in
3349 2180 3599 2238 montes
3643 2173 4031 2238 extenditur.
4125 2173 4311 2237 inde-—

1046 2295 1172 2358 que
1218 2276 1538 2360 Scythicis
1583 2277 1887 2359 gentibus
1936 2277 2123 2349 dorso
2169 2297 2288 2342 suo
2331 2278 2673 2342 terminum
2716 2278 3037 2361 praebens
3081 2276 3167 2341 ad
3197 2278 3468 2341 Pontum
3514 2296 3717 2358 usque
3765 2277 4104 2358 discendit,
4157 2297 4309 2341 con-

1048 2380 1364 2463 sertisque
1409 2380 1680 2446 collibus
1724 2380 1926 2445 Histri
1971 2401 2224 2464 quoque
2269 2380 2512 2446 fluenta
2558 2379 2906 2463 contingit,
2965 2399 3091 2461 quo
3135 2400 3325 2444 amne
3371 2380 3611 2445 scissus
3657 2380 3998 2446 dehiscens
4045 2378 4309 2462 Scythia

1048 2502 1300 2566 quoque
1345 2484 1597 2547 Taurus
1641 2489 1925 2548 vocatur.
2020 2483 2170 2549 talis
2229 2504 2387 2566 ergo
2439 2489 2785 2564 tantusque
2832 2488 2895 2547 et
2939 2503 3105 2567 pene
3149 2483 3430 2548 omnium
3476 2483 3782 2548 montium
3826 2482 4145 2546 maximus
4191 2502 4308 2547 ex-

1041 2586 1251 2651 celsas
1308 2595 1460 2651 suas
1518 2586 1776 2670 erigens
1834 2586 2236 2652 summitates
2288 2588 2567 2654 naturali
2614 2587 3082 2651 constructione
3128 2593 3417 2670 praestat
3458 2586 3758 2669 gentibus
3800 2571 4309 2669 inexpugnanda'

1206 2830 1329 2877 ΗΡ
1356 2830 1531 2878 VLA
1562 2829 1943 2893 OBX(YZ).
2020 2830 2146 2879 Rav.
2192 2832 2244 2892 2,
2286 2835 2350 2881 12
2384 2845 2439 2891 p,
2485 2833 2547 2878 77
2586 2830 2654 2877 ad
2689 2846 2740 2878 v.
2786 2829 2876 2880 15:
2931 2832 3141 2879 flumina
3188 2831 3237 2878 id
3286 2838 3362 2879 est
3408 2833 3600 2878 Araxes
3647 2830 3844 2878 Mardes
3894 2829 4068 2890 Oospis
4105 2831 4305 2878 Bactros

1044 2915 1241 2964 Terdon
1276 2915 1429 2975 Gyros
1465 2915 1639 2965 Gisson
1677 2915 1983 2979 Gambissis,
2033 2930 2096 2964 ex
2147 2918 2332 2978 quibus
2383 2918 2680 2966 fluminibus
2730 2921 3028 2976 merguntur
3068 2917 3123 2962 in
3159 2930 3338 2964 oceano
3376 2917 3578 2977 Caspio.
3653 2915 3781 2963 idem
3816 2917 3864 2977 2,
3908 2916 3974 2961 20
4006 2930 4060 2976 p.
4105 2918 4202 2963 115
4238 2914 4304 2962 ad

1040 3017 1088 3050 v.
1134 3000 1229 3052 16:
1282 3001 1488 3051 Caucasi
1539 3007 1733 3050 montes
1782 3016 1952 3050 secum
1990 3002 2195 3065 Caspios
2243 3003 2604 3065 amplectentes
2653 3016 2991 3064 magnumque
3042 3004 3227 3050 flexum
3274 3016 3365 3063 per
3406 3002 3611 3062 longum
3659 3002 3980 3050 intervallum
4028 3002 4202 3049 dantes
4250 3015 4304 3049 se

1039 3101 1154 3135 cum
1192 3123 1206 3138 .
1239 3122 1252 3137 .
1285 3122 1300 3136 .
1339 3088 1591 3136 montibus
1628 3088 1918 3149 Rimphaeis
1955 3087 2199 3137 adunant.

1217 3209 1237 3257 1
1280 3210 1547 3257 efficerunt
1578 3208 1621 3256 Ο
1819 3210 1967 3256 etiam
2006 3222 2100 3257 om.
2140 3209 2182 3256 0
2212 3209 2284 3270 (in
2311 3211 2526 3257 transitu
2551 3225 2583 3257 a
2602 3211 2793 3270 payina
2818 3208 2884 3256 ad
2903 3210 3165 3269 papinum)
3198 3209 3241 3255 Β
3438 3206 3468 3255 2
3507 3204 3827 3273 dicauerunt]
3862 3207 4213 3255 indicauerunt
4237 3206 4296 3267 P,

1040 3294 1403 3344 dedicauerunt
1439 3295 1483 3341 A
1749 3293 1779 3343 3
1817 3291 1898 3361 ac]
1934 3309 2032 3356 que
2077 3294 2179 3358 (sic)
2221 3297 2266 3342 A
2509 3295 2757 3343 uenandis
2796 3294 2841 3341 P
3079 3296 3313 3357 operibus
3356 3293 3398 3340 Ο
3640 3294 3765 3341 mira
3799 3294 4173 3355 pulchritudine
4210 3292 4304 3340 ΧΥ

1036 3380 1070 3430 4
1106 3377 1460 3447 condiderunt]
1496 3381 1772 3430 effecerunt
1807 3381 1850 3430 L
2009 3437 2012 3442 ‚
2081 3378 2206 3449 tale]
2243 3381 2451 3443 HPVA,
2494 3382 2586 3430 tali
2621 3381 2775 3439 LOB,
2819 3381 2945 3430 tales
2983 3383 3030 3428 X
3040 3381 3124 3428 YZ
3355 3380 3577 3439 scythiae
3616 3377 3839 3447 genitae]
3874 3381 3927 3428 H
3939 3380 4034 3438 VL,
4077 3381 4298 3440 scythiae

927 3463 935 3472 '
1036 3471 1258 3528 genitate
1295 3469 1355 3531 P,
1416 3469 1625 3516 scithiae
1660 3474 1840 3529 gentse
1877 3470 1950 3529 A,
2011 3469 2192 3516 scithia
2227 3475 2375 3528 gente
2420 3468 2481 3529 Ο,
2542 3469 2732 3527 scythia
2767 3473 2917 3529 gente
2955 3470 3023 3530 Z,
3084 3468 3306 3527 scythiae
3342 3469 3509 3528 gentis
3548 3468 3622 3529 Β,
3681 3468 3872 3526 scythia
3907 3469 4104 3526 genitae
4141 3469 4236 3514 ΧΥ

1036 3557 1169 3604 asiae
1204 3568 1354 3616 regno
1391 3555 1453 3618 Β,
1495 3569 1647 3616 regna
1680 3557 1814 3603 asiae
1853 3554 1951 3601 ΧΥ
2185 3550 2399 3621 potitae]
2434 3557 2698 3617 potita-u
2737 3554 2780 3601 P
3020 3554 3050 3603 5
3087 3556 3287 3603 domum
3324 3552 3405 3601 P‘
3637 3554 3856 3616 proprios
3894 3554 3939 3600 L
4171 3568 4298 3601 mar-

1034 3638 1223 3708 pesios]
1260 3640 1513 3699 HPVLO,
1558 3642 1829 3703 marpesias
1866 3641 1926 3703 Β,
1969 3642 2242 3701 marsepias
2278 3641 2423 3688 AXY
2671 3655 2793 3701 quas
2836 3640 2978 3702 (quos
3009 3641 3069 3701 L)
3111 3656 3226 3703 sup.
3268 3642 3375 3688 dix.
3417 3653 3511 3688 om.
3544 3641 3590 3687 A
3866 3638 3897 3687 6
3932 3639 4300 3702 repedauerunt

1035 3728 1132 3774 AX
1338 3732 1508 3775 monte
1544 3726 1685 3774 LOB
1893 3741 2097 3775 caucaso
2136 3727 2196 3789 Β,
2237 3742 2500 3775 caucasum
2538 3728 2582 3774 A
2818 3729 2843 3776 7
2883 3723 2961 3792 re]
2998 3741 3052 3776 se
3097 3727 3139 3774 Ο
3358 3731 3625 3774 tractatum
3667 3725 3710 3773 Ο
3935 3724 3966 3774 8
4003 3729 4143 3774 urbis
4187 3726 4228 3773 Ο

1035 3814 1266 3861 nuscitur
1290 3813 1386 3860 PV
1572 3814 1835 3860 circumire
1861 3813 1909 3860 X
2095 3814 2174 3862 his
2210 3813 2251 3860 V
2437 3809 2597 3880 mare]
2624 3813 2785 3876 HPV,
2827 3815 2951 3862 mari
2978 3814 3066 3861 LA
3078 3813 3263 3861 OBXY
3455 3810 3486 3860 9
3524 3827 3673 3874 quam
3704 3810 3776 3859 0⁴
3949 3814 4157 3860 meridie
4186 3811 4227 3858 Ο

1030 3913 1110 3947 res
1147 3899 1302 3960 spicit
1342 3898 1387 3945 P
1589 3894 1737 3964 uap.]
1773 3901 2100 3962 inuaporatus
2139 3900 2229 3947 PA
2437 3914 2562 3963 quas
2604 3900 2675 3947 0⁸
2902 3896 3270 3967 septentrione]
3306 3899 3513 3961 HPVL,
3556 3901 3947 3961 septentrionem
3986 3900 4047 3959 A,
4090 3905 4292 3960 septen·

1030 3988 1184 4035 trioni
1226 3983 1412 4031 OBXY
1620 3984 1682 4034 10
1718 3987 1773 4032 in
1811 4001 1907 4035 om.
1942 3984 2022 4033 P‘
2231 3988 2351 4035 siria
2380 3987 2423 4034 0
2633 3984 2881 4053 amnium]
2918 3988 3162 4036 tamnium
3190 3987 3247 4048 P,
3289 3989 3514 4035 animum
3544 3986 3591 4032 A
3802 3983 3857 4033 11
3897 3986 4148 4046 plurimus
4186 3985 4229 4032 Ρ

1029 4066 1408 4136 uasianensem]
1446 4071 1696 4134 HPVLA,
1738 4074 2054 4121 asianensem
2082 4072 2233 4135 ΧῩΖ,
2275 4075 2502 4122 asianam
2536 4073 2595 4134 0,
2636 4077 2790 4122 asiam
2818 4073 2863 4119 Β
3073 4070 3267 4139 tamen]
3304 4078 3500 4120 tantum
3529 4073 3579 4119 X
3588 4073 3666 4119 YZ
3872 4073 4101 4120 eufraten
4132 4072 4224 4118 AO

1027 4159 1284 4219 tigrinque
1323 4158 1365 4205 Ο
1575 4155 1862 4224 nauigeros]
1899 4159 2053 4221 ΒΧΥ,
2097 4161 2378 4219 nauigerosi
2415 4159 2577 4222 HPL,
2618 4162 2917 4220 nauigcrosa
2957 4160 3010 4222 V,
3053 4162 3290 4221 nauigero
3332 4159 3393 4220 Ο,
3433 4161 3691 4218 nauigeros
3728 4157 3816 4205 sed
3856 4160 3898 4203 A
4112 4158 4171 4206 12
4208 4172 4294 4219 op·

1029 4245 1231 4305 pionem
1267 4245 1312 4289 A
1523 4240 1771 4310 cupiosis]
1810 4245 1922 4307 ΗΡ,
1965 4248 2176 4307 copiosis
2212 4247 2304 4295 rel.
2517 4248 2724 4295 uberius
2767 4247 2809 4293 O
3018 4247 3433 4309 quamplexantes
3458 4245 3504 4292 P
3714 4242 3775 4291 13
3814 4240 4059 4311 syrorum]
4093 4245 4292 4292 assirio-

1025 4344 1137 4378 rum
1171 4329 1259 4377 OB
1467 4328 1735 4397 appellari]
1767 4331 2024 4394 ΑΟΒΧΥ,
2072 4334 2282 4394 apellari
2310 4333 2368 4394 L,
2411 4332 2609 4394 appella
2634 4332 2782 4379 HPV
2990 4331 3051 4380 14
3088 4342 3243 4380 terres
3276 4332 3319 4378 V
3520 4333 3699 4392 iugum
3735 4331 4016 4380 antefatum
4043 4331 4228 4378 ABXY

1029 4418 1185 4476 magis
1223 4417 1618 4465 flexionionibus
1660 4418 1761 4477 (sic)
1794 4419 1840 4465 A
2053 4418 2113 4467 15
2151 4415 2363 4484 ibidem]
2398 4420 2474 4467 ibi
2500 4419 2636 4466 XYZ
2846 4418 2908 4468 16
2946 4415 3142 4486 cysum]
3176 4417 3433 4478 HPVOX,
3476 4420 3635 4466 cisum
3661 4418 3721 4478 L,
3763 4418 3948 4464 cissum
3975 4418 4035 4478 Β,
4079 4416 4291 4476 cydnum

1033 4504 1087 4565 Y,
1128 4504 1286 4551 cirum
1325 4505 1386 4566 A,
1429 4518 1600 4563 cyrum
1639 4505 1972 4565 Poutnyemis
2008 4508 2291 4554 coniectura
2326 4505 2496 4565 retici:
2539 4501 2806 4554 Ravennae
2845 4506 3021 4554 Cisson
3232 4501 3511 4570 cambisen]
3549 4503 3849 4565 HPVLBX,
3891 4504 4167 4552 cambisent
4195 4500 4283 4563 0⁴,

1024 4590 1295 4637 cambisem
1322 4578 1494 4637 A0⁶Y
1664 4593 1813 4641 rifeos
1843 4592 1886 4639 0
2059 4606 2157 4654 quc
2183 4607 2280 4641 om.
2304 4592 2349 4639 B
2522 4593 2578 4640 in
2602 4607 2697 4641 om.
2722 4592 2915 4639 AOBX
2924 4594 2963 4640 Y
2992 4635 2997 4638 ,
3170 4591 3229 4640 17
3258 4588 3533 4658 discendit]
3558 4592 3654 4639 ΗΡ
3668 4589 3767 4653 VO,
3799 4590 4063 4639 descendit
4084 4589 4283 4652 LBXY,

1023 4676 1327 4724 descendere
1351 4678 1395 4723 A
1613 4677 1672 4728 18
1711 4679 2004 4739 contingent
2037 4679 2183 4725 HPV
2387 4679 2517 4740 quod
2548 4678 2591 4725 Ο
2800 4681 2959 4727 amnis
2999 4681 3158 4728 scisus
3195 4679 3458 4727 dehiscens
3501 4677 3562 4742 0,
3602 4679 3761 4726 amnis
3798 4678 3888 4725 eis.
3930 4691 4035 4725 sus.
4076 4676 4290 4724 dehiscit

1028 4762 1129 4824 (sic)
1163 4762 1209 4809 B
1405 4761 1619 4830 scythia]
1655 4766 1708 4812 in
1734 4765 1916 4812 scithia
1941 4763 2031 4812 AB
2233 4763 2294 4815 19
2332 4779 2531 4827 quoque
2568 4778 2664 4812 om.
2696 4765 2737 4811 A
2938 4762 3164 4831 uocatur]
3201 4765 3388 4813 dicitur
3412 4765 3456 4811 A
3654 4762 3720 4811 20
3746 4760 3969 4829 erigens]
3994 4777 4172 4823 regens
4202 4761 4289 4808 OB

1200 4972 1240 5034 1)
1288 4973 1508 5020 Iustinus
1545 4974 1592 5033 2,
1637 4979 1684 5032 4,
1732 4977 1813 5023 14.
1858 4975 1956 5021 15.·
2013 4973 2322 5035 (Amazones)
2368 4976 2551 5023 maiore
2600 4980 2739 5035 parte
2775 4975 3003 5036 Europae
3051 4976 3254 5022 subacta
3292 4975 3441 5023 Asiae
3489 4987 3688 5034 quoque
3736 4973 4004 5020 nonnullas
4059 4972 4287 5019 civitates

1019 5072 1354 5119 occupavere:
1396 5060 1469 5106 ibi
1506 5059 1706 5121 Epheso
1742 5060 2017 5121 multisque
2055 5060 2169 5107 aliis
2207 5062 2416 5109 urbibus
2455 5061 2669 5109 conditis
2705 5066 2793 5109 cet.
2870 5060 2940 5121 cf.
2985 5061 3129 5109 Oros.
3178 5064 3221 5119 1,
3268 5063 3348 5108 15.

1192 5144 1241 5207 2)
1292 5146 1491 5193 Orosius
1529 5149 1575 5206 1,
1621 5146 1717 5192 16.-
1766 5146 1999 5193 mulieres
2035 5148 2198 5207 patria
2232 5149 2471 5208 profugae
2508 5148 2759 5207 Europam
2799 5153 2952 5208 atque
2991 5148 3163 5194 Asiam
3204 5182 3218 5195 .
3251 5181 3266 5195 .
3296 5182 3310 5195 .
3351 5148 3670 5194 intraverunt
3707 5149 4004 5206 pervagatae
4039 5150 4159 5191 sunt
4194 5144 4283 5191 de-

1020 5232 1279 5280 leverunt:
1331 5237 1536 5280 centum
1582 5246 1743 5294 paene
1792 5232 1940 5280 annis
1981 5268 1995 5282 .
2028 5268 2042 5282 .
2074 5269 2088 5283 .
2129 5238 2408 5282 tenuerunt
2448 5272 2460 5285 .
2493 5272 2504 5284 .
2541 5271 2552 5282 .
2602 5234 2907 5296 (Gothorum)
2952 5234 3171 5282 feminae
3220 5235 3457 5281 maiorem
3506 5238 3750 5280 terrarum
3799 5237 3987 5292 partem
4024 5232 4282 5278 immensis

1018 5317 1254 5366 caedibus
1290 5318 1603 5366 deleverunt.

1190 5402 1239 5464 3)
1284 5405 1507 5452 Iustinus
1520 5409 1633 5465 post
1650 5405 1794 5453 verba
1817 5419 1966 5467 supra
1986 5411 2089 5455 not.
2110 5411 2135 5455 1
2159 5406 2341 5454 allata.-
2363 5411 2557 5468 partem
2577 5408 2834 5454 exercitus
2852 5421 2969 5455 cum
2989 5407 3184 5466 ingenti
3204 5406 3384 5468 praeda
3402 5405 3601 5452 domum
3622 5403 3903 5452 dimittunt.
3932 5401 4002 5462 cf.
4023 5403 4162 5452 Oros.
4182 5404 4218 5453 l.
4236 5418 4279 5449 c.

1191 5489 1221 5538 4
1283 5505 1308 5536 c
1341 5525 1353 5539 .
1466 5491 1551 5540 50.

1189 5492 1241 5634 5))
1280 5490 1345 5635 esst
1394 5494 1600 5625 gotinus
1635 5580 1720 5639 38,
1764 5579 1863 5626 10.-
1901 5592 2045 5626 mons
2082 5579 2278 5626 Taurus
2315 5580 2375 5626 ab
2412 5579 2586 5626 Indico
2623 5581 2843 5641 primum
2881 5580 3003 5625 mari
3040 5580 3201 5638 surgit
3234 5613 3255 5628 ..
3286 5612 3301 5628 .
3332 5613 3346 5626 .
3379 5613 3393 5627 .
3469 5581 3501 5635 ,ς
3540 5578 3635 5624 12.·
3692 5611 3705 5624 .
3737 5610 3752 5624 .
3783 5611 3797 5625 .
3841 5577 4129 5625 nominatus
4169 5611 4183 5624 .
4215 5611 4231 5623 .
4263 5611 4278 5624 .

1009 5662 1093 5709 ubi
1132 5663 1188 5709 in
1226 5664 1619 5712 excelsissimam
1656 5666 1912 5725 consurgit
1947 5666 2312 5713 sublimitatem
2349 5664 2601 5713 canosam
2641 5700 2654 5713 .
2688 5701 2701 5714 .
2733 5701 2747 5715 .
2779 5700 2793 5715 .
2868 5668 2902 5724 ,9
2946 5666 3037 5712 13.·
3077 5670 3297 5725 quantus
3336 5663 3593 5712 meridiem
3631 5661 3800 5722 videt,
3844 5663 3944 5710 sole
3982 5663 4273 5709 inaestuat:

1008 5749 1261 5810 quidquid
1296 5751 1643 5812 septemtrioni
1679 5753 1959 5814 oppositum
1995 5759 2085 5814 est,
2130 5759 2277 5800 vento
2315 5752 2548 5800 tunditur
2585 5756 2636 5799 et
2675 5751 2904 5814 pruina.v

4357 1577 4417 1617 to

4353 2092 4412 2131 ¹5

4344 2606 4406 2649 20
