4882 6775
1890 538 2348 593 PROOEMIVM.
3528 537 3745 601 XLIII

502 764 694 847 longe
740 763 1090 829 abhorrens
1134 785 1174 828 a
1216 763 1527 829 tenuitate
1573 762 1893 842 Iordanis,
1946 763 2202 846 qualem
2248 770 2314 829 et
2355 764 2420 828 in
2468 762 2770 827 Romanis
2815 760 3354 845 deprehendimus
3398 766 3462 825 et
3503 760 3570 823 in
3615 758 3748 825 Ge-

500 884 767 949 ticorum
811 892 992 969 parte
1036 883 1121 949 ad
1164 903 1268 950 res
1312 891 1458 968 post
1501 904 1562 947 a.
1615 886 1738 947 526
1783 891 2002 966 gestas
2045 884 2427 968 pertinente.
2523 883 2639 948 scd
2684 881 2874 947 flores
2917 881 3015 945 illi
3060 901 3188 945 non
3232 880 3425 945 valde
3471 898 3747 946 suaveo-

501 1006 707 1069 lentes
767 1012 832 1070 et
888 1004 1314 1088 aequabiliter
1372 1025 1487 1088 per
1547 1004 1912 1069 universum
1976 1004 2207 1069 librum
2269 1004 2478 1088 sparsi
2538 1010 2686 1068 sunt
2729 1008 2792 1067 et
2836 1001 2945 1067 ubi
2988 1001 3200 1067 minus
3243 1006 3590 1086 apparent,
3655 1000 3743 1066 ibi

501 1144 628 1189 non
671 1125 984 1191 immerito
1029 1125 1440 1209 suspicabere
1484 1145 1611 1189 non
1655 1132 1785 1189 tam
1818 1124 2313 1191 Cassiodoriana
2355 1125 2437 1189 ab
2482 1123 2797 1188 imitatore
2836 1123 3119 1207 seposita
3148 1141 3294 1186 esse
3326 1142 3517 1204 quam
3548 1121 3748 1187 verba

500 1245 593 1310 ita
652 1251 1009 1327 contracta,
1076 1251 1146 1311 ut
1208 1244 1538 1311 ‘floscula'
1601 1265 1769 1327 quae
1827 1245 1986 1311 dicit
2034 1244 2337 1330 perirent.
2429 1265 2621 1327 quam
2681 1244 2760 1308 ob
2805 1263 2938 1308 rem
2985 1248 3056 1308 ut
3096 1243 3321 1307 horum
3365 1241 3742 1307 indiciorum

501 1366 611 1431 ubi
656 1366 895 1433 adsunt
935 1387 1062 1431 non
1107 1365 1371 1431 minima
1413 1366 1514 1431 vis
1559 1368 1776 1448 est81),
1827 1365 1919 1430 ita
1963 1364 2133 1447 quod
2177 1365 2411 1430 absunt
2453 1385 2677 1449 parum
2723 1363 2970 1448 probat.

674 1486 881 1552 Maius
925 1491 1313 1552 momentum
1360 1494 1478 1568 est,
1530 1486 1597 1551 id
1642 1486 1811 1569 quod
1856 1505 2052 1570 supra
2094 1508 2161 1570 p.
2211 1485 2330 1549 VH
2360 1504 2458 1567 sq.
2506 1485 2636 1549 iam
2680 1483 3044 1567 tetigimuS,
3096 1483 3164 1548 in
3208 1483 3577 1549 diversitate
3624 1483 3746 1548 loci

502 1607 1003 1689 studiorumque.
1097 1606 1574 1673 Cassiodorium
1634 1627 1828 1691 supra
1885 1606 2165 1672 vidimus
2224 1605 2426 1671 fuisse
2483 1603 3021 1670 Gothoromanum
3080 1610 3145 1668 et
3198 1603 3479 1669 aulicum
3532 1605 3746 1670 Theo-

505 1726 739 1805 derici,
793 1728 1131 1793 Iordanem
1177 1728 1658 1810 Moesogothum
1703 1726 1958 1811 imperii
2003 1726 2282 1792 Orientis
2327 1726 2687 1805 subditum;
2760 1724 2900 1790 iure
2942 1724 3139 1807 igitur
3183 1724 3544 1807 quaeritur,
3597 1745 3748 1789 num

504 1847 750 1931 possint
792 1855 1009 1932 partes
1055 1848 1268 1933 operis
1313 1847 1754 1930 demonstrari,
1807 1867 1974 1929 quae
2018 1867 2161 1912 cum
2208 1868 2250 1912 a
2286 1822 2690 1912 Cassiodorio
2735 1845 2928 1910 scribi
2956 1844 3337 1928 nequierint,
3389 1846 3751 1911 necessario

505 1967 761 2033 Iordani
805 1968 1182 2034 tribuendae
1229 1968 1378 2034 sint.
1474 1968 1592 2034 sed
1634 1968 1756 2033 hac
1803 1988 2055 2050 quoque
2098 1967 2206 2033 via
2250 1986 2377 2032 non
2417 1968 2611 2050 longe
2656 1964 3158 2051 progrediemur.
3251 1985 3408 2031 sane
3458 1986 3624 2049 quae
3669 1966 3751 2032 de

505 2107 575 2152 se
622 2088 883 2170 suisque
928 2089 1343 2174 popularibus
1390 2089 1698 2154 Iordanes
1745 2087 1985 2173 profert
2027 2109 2085 2153 c.
2124 2092 2229 2152 50.
2268 2091 2370 2168 51,
2423 2086 2663 2153 maiore
2708 2107 2790 2152 ex
2833 2093 3015 2171 parte
3059 2085 3233 2170 apud
3269 2085 3747 2152 Cassiodorium

505 2229 633 2273 non
679 2209 871 2292 legit:
923 2230 1041 2275 nec
1086 2209 1296 2293 magis
1341 2208 1502 2291 legit
1546 2209 1722 2293 apud
1768 2228 1912 2274 eum
1957 2208 2375 2273 acerbissima
2409 2207 2731 2292 vituperia
2760 2207 3139 2272 Arianorum
3172 2227 3226 2272 c.
3265 2210 3370 2289 25,
3412 2209 3558 2272 131.
3600 2210 3746 2272 132.

507 2332 609 2409 26,
655 2330 796 2411 138,
849 2350 1014 2412 quae
1060 2330 1238 2395 virus
1284 2329 1709 2412 theologicum
1755 2327 2012 2414 propria
2057 2328 2180 2393 sibi
2223 2328 2445 2413 inepta
2486 2327 2951 2393 inhumanitate
2995 2326 3257 2393 imbuit:
3309 2348 3460 2392 nam
3490 2327 3751 2414 Cassio-

503 2448 748 2515 dorium
805 2449 957 2514 licet
1009 2449 1221 2534 ipsum
1280 2450 1670 2516 orthodoxae
1725 2448 1876 2514 fidei
1928 2448 2257 2513 addictum
2304 2449 2369 2513 in
2412 2448 2680 2515 historia
2723 2447 3059 2514 scribenda
3102 2448 3382 2514 Arianae
3427 2448 3753 2515 doctrinae

507 2568 902 2634 dominorum
948 2589 1206 2635 suorum
1252 2590 1595 2636 memorem
1640 2570 1844 2635 fuisse
1887 2590 2016 2634 non
2061 2570 2267 2634 solum
2312 2575 2810 2636 consentaneum
2855 2574 2985 2650 est,
3053 2568 3169 2633 sed
3215 2569 3411 2635 etiam
3457 2570 3750 2635 chronico

503 2710 565 2753 a.
617 2693 741 2751 519
789 2690 1258 2756 demonstratur
1276 2692 1379 2773 52).
1459 2691 1576 2756 sed
1620 2710 1763 2756 cum
1808 2691 1912 2756 vel
1956 2690 2023 2754 in
2067 2689 2149 2754 iis
2195 2690 2349 2756 locis
2392 2690 2712 2773 quaedam
2755 2690 2972 2771 insint,
3024 2709 3191 2770 quae
3236 2710 3317 2755 ex
3348 2690 3753 2757 Cassiodorio

503 2810 814 2894 proficisci
858 2818 973 2876 aut
1015 2817 1258 2876 certum
1302 2818 1399 2877 est
1444 2818 1556 2877 aut
1600 2811 1954 2896 probabile,
2008 2810 2208 2875 multo
2251 2810 2462 2895 magis
2507 2810 2573 2876 id
2620 2810 2929 2896 pertinet,
2996 2815 3067 2875 ut
3111 2817 3302 2876 antea
3356 2812 3605 2894 monui,
3669 2813 3756 2878 ad

504 2932 784 3014 reliquos
830 2932 1003 2997 locos
1049 2931 1242 2997 etiam
1289 2952 1436 3015 eos,
1501 2932 1612 3014 qui
1658 2934 1933 2997 colorem
1977 2931 2381 3014 apertissime
2426 2952 2583 3016 prae
2629 2951 2700 2997 se
2744 2932 2959 2997 ferunt
3010 2951 3137 2996 non
3183 2931 3748 3016 Gothoromanum,

502 3051 618 3117 sed
664 3051 1228 3134 Moesogothicum.
1322 3052 1415 3118 ita
1457 3073 1624 3135 quae
1668 3051 1999 3117 abiudices
2042 3071 2084 3115 a
2129 3051 2534 3117 Cassiodorio
2593 3053 2796 3118 relata
2841 3052 3017 3137 apud
3061 3051 3398 3118 Iordanem
3418 3106 3432 3135 ,
3498 3062 3754 3139 praeter

502 3194 581 3238 ea
625 3193 793 3257 quae
837 3178 1191 3257 temporum
1238 3173 1397 3237 ratio
1444 3181 1512 3239 ut
1542 3172 1948 3239 Cassiodorio
1991 3171 2344 3238 tribuamus
2388 3193 2516 3237 non
2560 3172 2861 3255 admittit,
2912 3194 3039 3239 non
3082 3173 3287 3238 multa
3323 3174 3746 3259 reperiuntur.

673 3294 988 3359 Diacrisis
1044 3294 1211 3360 inter
1267 3293 1746 3359 Cassiodorium
1804 3299 1870 3360 et
1923 3292 2261 3357 Iordanem
2322 3299 2436 3359 aut
2491 3292 2683 3359 valde
2739 3293 2931 3359 fallor
2986 3300 3098 3359 aut
3163 3298 3296 3360 tota
3359 3296 3600 3380 pendet
3665 3298 3750 3362 ab

500 3415 885 3481 auctoribus.
978 3415 1151 3481 hunc
1209 3415 1389 3481 enim
1440 3436 1581 3481 cum
1639 3436 1721 3481 ex
1764 3414 2071 3480 Romanis
2123 3414 2540 3498 intellegatur
2583 3435 2625 3478 a
2669 3415 2996 3480 recondita
3040 3414 3418 3498 Graecaque
3465 3416 3751 3483 doctrina

503 3541 700 3603 totum
746 3536 1086 3601 abhorrere
1131 3556 1337 3618 neque
1382 3535 1689 3601 habuisse
1733 3535 1861 3600 nisi
1906 3533 2358 3600 commentaria
2400 3533 2515 3600 illo
2561 3535 2820 3600 saeculo
2878 3536 3075 3619 vulgo
3130 3535 3368 3601 usitata
3418 3542 3483 3602 et
3540 3537 3752 3603 adhuc

505 3657 637 3722 fere
669 3663 944 3738 servata,
995 3655 1304 3739 quidquid
1346 3656 1524 3722 venit
1566 3677 1608 3721 a
1650 3655 1888 3737 Prisco,
1941 3655 2146 3720 Dione
2190 3655 2394 3720 altero
2425 3662 2585 3736 utr0,
2638 3653 2970 3738 Strabone,
3021 3656 3412 3738 Ptolemae0,
3463 3657 3623 3722 mihi
3653 3665 3754 3724 est

508 3777 921 3842 Cassiodorii.
999 3777 1072 3842 id
1113 3777 1325 3861 ipsum
1370 3775 1666 3860 pervenit
1706 3775 1793 3840 ad
1821 3775 2227 3840 Ammianum
2274 3781 2339 3841 et
2365 3775 2708 3841 Ablabium
2757 3781 2822 3842 et
2865 3776 2919 3842 si
2965 3776 3072 3859 qui
3103 3776 3346 3843 similes
3377 3784 3545 3860 sunt,
3597 3778 3749 3844 item

505 3896 591 3961 ad
635 3917 714 3962 ea
756 3918 924 3980 quae
968 3918 1110 3963 cum
1155 3898 1378 3963 horum
1424 3897 1741 3981 excerptis
1785 3896 1877 3962 ita
1922 3895 2256 3962 coniuncta
2299 3903 2467 3978 sunt,
2534 3903 2605 3962 ut
2645 3896 2797 3962 inde
2843 3897 3068 3962 divelli
3109 3904 3467 3981 nequeant;
3520 3900 3752 3983 quibus

509 4017 862 4100 originibus
905 4039 1031 4084 non
1062 4018 1269 4084 solum
1299 4017 1542 4099 melior,
1596 4017 1712 4083 sed
1744 4017 1938 4082 etiam
1969 4017 2160 4101 longe
2188 4016 2389 4082 maior
2417 4037 2568 4102 pars
2600 4017 2803 4083 libelli
2836 4017 3044 4083 Getici
3074 4018 3452 4085 continetur.
3533 4040 3569 4086 0
3600 4041 3754 4086 0011-

503 4138 696 4204 trario
734 4138 820 4203 ad
852 4137 1396 4223 deprehendenda
1424 4138 1682 4204 Iordani
1725 4138 1982 4223 propria
2024 4137 2555 4222 proficiscendum
2586 4144 2685 4204 est
2711 4159 2752 4202 a
2773 4138 3006 4203 libello
3036 4140 3321 4204 Romano
3351 4160 3634 4224 quosque
3664 4142 3755 4207 ibi

505 4259 802 4325 adhibuit
859 4266 1175 4342 auctores,
1226 4279 1442 4325 eorum
1491 4266 1792 4343 excerpta
1836 4259 2080 4324 Geticis
2121 4259 2364 4324 inserta
2407 4258 2754 4324 videndum
2815 4265 2914 4324 est
2956 4281 3107 4324 num
3153 4260 3306 4326 item
3349 4261 3554 4346 ipsius
3598 4263 3748 4328 sint.

507 4379 576 4444 id
631 4379 802 4463 quod
846 4401 971 4446 uno
1013 4381 1152 4446 1000
1197 4380 1355 4445 mihi
1398 4380 1654 4446 videtur
1697 4387 1878 4446 extra
1921 4379 2185 4445 dubium
2232 4398 2397 4462 esse,
2453 4379 2597 4444 dico
2639 4380 2707 4444 in
2751 4380 3113 4446 narratione
3157 4380 3238 4446 de
3283 4389 3482 4447 morte
3514 4383 3754 4449 Valen-

506 4499 611 4565 tis.
705 4521 847 4566 eam
891 4501 958 4566 in
1002 4502 1285 4566 Romano
1331 4501 1551 4567 libello
1597 4521 1654 4566 c.
1706 4504 1826 4564 314
1874 4500 2139 4566 totidem
2186 4499 2398 4565 verbis
2446 4500 2785 4584 descripsit
2828 4521 2909 4566 ex
2954 4502 3208 4568 Victore
3253 4502 3634 4586 epitomato,
3684 4504 3751 4568 in

513 4834 634 4880 fecit
669 4833 768 4880 nisi
806 4833 937 4894 quod
973 4835 1278 4882 calamistros
1312 4833 1564 4881 rhetorum
1602 4832 1969 4881 Gallicanorum
2005 4832 2061 4879 in
2096 4834 2260 4880 aulam
2296 4833 2427 4892 rogis
2465 4806 2666 4881 Gothici
2708 4832 2966 4880 transtulit
3001 4838 3053 4881 01
3087 4835 3327 4895 rescripta
3363 4834 3532 4881 emisit
3568 4834 3760 4883 schola-

506 4920 631 4967 stica
666 4919 958 4979 eloquentia
993 4924 1082 4967 aut
1117 4924 1287 4966 ornata
1322 4924 1409 4967 aut
1445 4923 1688 4980 corrupta.
1766 4919 1953 4966 saeculi
2004 4919 2166 4980 quarti
2214 4924 2265 4966 et
2312 4919 2482 4980 quinti
2528 4919 2693 4979 leges,
2746 4920 2962 4966 maxime
3010 4933 3139 4980 quae
3175 4920 3400 4979 integrae
3436 4925 3643 4981 extant,
3698 4926 3758 4969 ut

506 5004 802 5052 Diocletiani
837 5006 1234 5067 collegarumque
1272 5006 1333 5053 de
1368 5006 1544 5067 pretiis
1579 5019 1747 5052 rernm
1786 5005 2040 5052 venalium
2076 5010 2130 5052 et
2165 5004 2389 5052 novellae
2426 5004 2828 5064 Theodosianae,
2869 5005 3059 5052 similia
3094 5005 3251 5052 multa
3287 5006 3503 5067 habent,
3545 5008 3756 5069 scripto-

505 5105 683 5152 resque
720 5105 920 5153 qnoqne
956 5093 1066 5139 eius
1103 5091 1309 5149 saeculi,
1349 5092 1437 5152 qui
1473 5091 1676 5151 quidem
1714 5091 1961 5139 eiusmodi
1998 5090 2258 5139 cincinnos
2292 5095 2566 5150 sectantur,
2608 5091 2707 5137 sibi
2744 5090 2989 5138 simillimi
3026 5096 3163 5142 sunt.
3226 5091 3386 5140 multa
3421 5094 3530 5141 eins
3556 5095 3755 5153 generis

504 5179 656 5226 habet
689 5178 984 5226 Ammianus
1023 5178 1120 5226 alia
1156 5178 1202 5225 si
1240 5190 1335 5224 non
1375 5179 1603 5238 egregia,
1661 5183 1797 5225 certe
1833 5178 2118 5238 ingeniosa,
2161 5178 2259 5224 alia
2294 5178 2502 5225 obscura
2538 5181 2590 5224 et
2625 5177 2879 5239 perplexa.
2955 5177 3041 5225 sed
3080 5182 3138 5225 nt
3172 5182 3423 5226 auctorem
3459 5180 3518 5226 ab
3556 5184 3755 5228 auctore

506 5266 562 5311 in
599 5265 782 5312 talibus
819 5278 917 5313 non
952 5265 1099 5312 facile
1134 5264 1430 5324 distinguas,
1472 5264 1623 5310 immo
1658 5267 1827 5324 aperte
1864 5269 2158 5322 agnoscatur
2194 5262 2486 5311 scholastica
2521 5263 2788 5325 disciplina
2821 5264 2877 5311 in
2912 5265 3205 5311 universum
3244 5265 3437 5327 parilis,
3478 5266 3549 5312 ita
3574 5267 3757 5314 facilli-

508 5364 646 5398 mum
682 5354 760 5398 est
795 5351 909 5398 01110
946 5351 1143 5409 generis
1180 5351 1445 5411 scriptores
1481 5350 1797 5408 distinguere
1834 5351 1896 5397 ab
1931 5351 1999 5398 iis
2035 5351 2124 5411 qui
2160 5351 2411 5398 communi
2449 5355 2503 5399 et
2535 5349 2697 5410 tenui,
2740 5364 2803 5398 ne
2838 5349 2994 5397 dicam
3033 5351 3227 5412 vulgari
3264 5356 3316 5398 et
3356 5352 3480 5398 exili
3510 5352 3756 5400 scribendi

506 5450 686 5496 genere
723 5436 818 5484 sibi
852 5437 1181 5497 satisfaciunt,
1223 5437 1399 5496 quales
1436 5438 1557 5483 sunt
1591 5435 1696 5482 sere
1733 5419 2269 5495 annalium'auctores,
2311 5441 2369 5483 ut
2403 5436 2724 5484 Marcellinus
2761 5440 2815 5484 et
2848 5437 3073 5483 omnium
3112 5437 3329 5484 maxime
3364 5437 3618 5486 Iordanes.

682 5520 763 5582 81)
809 5521 1070 5583 Propterea
1105 5534 1274 5568 curam
1310 5524 1407 5584 egi,
1448 5526 1508 5569 ut
1544 5521 1596 5568 in
1632 5522 1723 5569 hac
1759 5522 1979 5570 editione
2014 5522 2205 5584 potiora
2241 5536 2366 5584 quae
2404 5522 2700 5571 Schirrenus
2735 5522 2991 5570 adnotavit
3025 5527 3400 5584 repeterentur,
3444 5524 3637 5571 scilicet
3674 5524 3760 5572 ubi

508 5608 757 5657 similibus
791 5608 911 5655 locis
955 5609 1238 5669 compositis
1284 5622 1362 5655 res
1410 5608 1745 5656 illustrantur.
1821 5609 1953 5657 solae
1997 5611 2220 5667 argutiae
2269 5611 2513 5657 sermonis
2561 5611 2645 5658 ubi
2696 5608 3058 5658 cassiodor-ium
3104 5608 3347 5670 produnt,
3403 5623 3517 5656 cum
3567 5615 3759 5659 attente

509 5695 725 5754 legentis
762 5696 985 5742 animum
1021 5695 1164 5755 ipsae
1200 5693 1401 5755 feriant,
1444 5696 1702 5755 expressis
1740 5696 1905 5742 verbis
1942 5695 2005 5743 de
2040 5697 2107 5743 iis
2143 5709 2241 5743 non
2280 5696 2468 5743 monui.

684 5780 764 5840 82)
809 5782 1017 5842 Prosper
1041 5794 1158 5827 cum
1184 5779 1244 5826 ad
1270 5795 1314 5828 a.
1340 5779 1440 5828 380
1465 5781 1829 5828 adnotavisset:
1867 5782 1880 5806 ‘
1897 5782 2191 5829 Ambrosius
2216 5783 2482 5844 episcopus
2505 5796 2594 5843 pro
2618 5783 2860 5830 catholica
2884 5781 2983 5829 fide
3008 5782 3165 5829 multa
3191 5781 3477 5829 sublimiter
3501 5781 3707 5844 scripsit
3724 5781 3756 5845 ⁹,

509 5867 852 5918 Cassiodorius
889 5880 1004 5919 eum
1041 5866 1314 5929 compilans
1351 5866 1621 5916 catholicae
1656 5867 1808 5916 fldem
1844 5867 2164 5918 christianam
2201 5868 2485 5919 substituit.

3275 5965 3339 6023 f.
