4882 6775
1052 447 1180 510 XII
2455 447 2918 503 PROOEMIVM.

1050 670 1190 735 sine
1237 669 1432 735 dubio
1477 670 1766 737 nominat
1811 678 2027 757 utpote
2072 671 2429 737 domestica
2473 672 2705 737 notitia
2752 672 2877 738 sibi
2921 680 3142 755 notos,
3196 692 3337 736 cum
3384 672 3762 756 praesertim
3809 672 4022 737 statim
4070 673 4171 738 sui
4216 674 4320 758 ip-

1050 789 1185 854 sius
1244 789 1502 873 generis
1563 792 2033 858 enarrationem
2092 792 2432 876 adiungat.
2527 794 2677 859 item
2738 793 3021 858 notabile
3083 799 3183 858 est
3237 793 3324 857 ad
3383 792 3509 858 duo
3569 791 3843 878 oppida,
3920 792 4169 858 scilicet
4233 793 4321 858 ad

1047 909 1191 994 ipsa
1248 910 1370 975 illa
1426 910 1655 976 Castra
1697 913 1921 977 Martis
1982 919 2048 978 et
2103 912 2190 977 ad
2250 914 2587 993 Naissum,
2658 914 2741 979 ab
2802 920 3059 978 auctore
3121 912 3415 978 adnotari
3474 913 3640 978 illud
3697 913 3763 977 in
3806 912 4068 996 Illyrico
4130 912 4318 977 situm

1047 1049 1230 1111 esse,
1283 1030 1404 1096 hoc
1448 1031 1719 1116 primum
1766 1052 1912 1097 esse
1957 1032 2023 1096 in
2069 1032 2365 1115 Illyrico:
2421 1053 2586 1115 quae
2632 1031 2869 1118 oppida
2913 1054 3055 1097 cum
3103 1053 3254 1098 vere
3301 1033 3429 1098 sint
3473 1032 3539 1097 in
3584 1032 3877 1097 confiniis
3923 1031 4314 1097 dioecesium

1047 1150 1457 1235 Illyricianae
1515 1159 1580 1218 et
1623 1153 2017 1232 Thracicae,
2085 1152 2630 1236 deprehendimus
2689 1160 3013 1219 auctorem
3072 1153 3142 1218 in
3187 1154 3334 1238 ipsa
3378 1152 3659 1218 dioecesi
3705 1152 4124 1217 Thraciarum
4182 1173 4320 1217 mo-

1046 1278 1291 1335 rantem
1354 1271 1622 1355 eiusque
1682 1273 1901 1338 finium
1947 1293 2241 1356 gnarum.
2339 1273 2616 1355 denique
2662 1273 2728 1337 in
2776 1275 3209 1338 Romanarum
3254 1293 3466 1337 rerum
3511 1272 3735 1338 libello
3780 1293 3947 1355 quae
3992 1272 4189 1338 habet
4235 1272 4316 1337 de

1045 1391 1147 1456 his
1192 1391 1563 1474 regionibus
1608 1392 1676 1457 in
1721 1393 2188 1477 provinciarum
2235 1393 2504 1458 formam
2559 1373 2874 1474 redactiS,
2945 1394 3160 1459 omnia
3220 1393 3480 1476 quidem
3528 1392 3871 1477 descripsit
3914 1413 3996 1458 ex
4042 1392 4207 1457 Rufo
4253 1400 4318 1457 et

1044 1512 1254 1593 Floro,
1310 1510 1426 1576 sed
1471 1512 1745 1596 primum
1792 1534 1937 1576 cum
1982 1513 2052 1577 in
2097 1514 2364 1596 reliquis
2410 1513 2754 1597 provinciis
2800 1513 3180 1579 enarrandis
3225 1513 3350 1579 sibi
3396 1514 3798 1578 satisfaceret
3842 1511 4125 1597 expilato
4171 1512 4305 1593 illo,

1045 1632 1220 1696 solas
1266 1632 1673 1714 Illyricianas
1731 1633 1832 1697 bis
1891 1633 2189 1698 tractavit
2250 1640 2314 1698 et
2372 1654 2428 1699 c.
2483 1636 2814 1696 214--221
2870 1633 2957 1697 ad
3001 1633 3239 1699 Rufum
3287 1640 3352 1698 et
3396 1653 3452 1703 c.
3490 1636 3829 1696 241-247
3892 1632 3979 1697 ad
4025 1633 4307 1715 Florum,

1046 1750 1283 1817 deinde
1330 1753 1411 1817 de
1459 1772 1574 1817 suo
1619 1752 1871 1818 addidit
1915 1774 2058 1818 cum
2105 1773 2160 1817 c.
2200 1756 2322 1817 217
2371 1752 2716 1818 Daciarum
2749 1753 3021 1818 duarum
3051 1753 3369 1818 vocabula
3398 1753 3677 1837 ripensis
3707 1760 3774 1818 et
3802 1752 4311 1819 mediterraneae

1042 1879 1175 1937 tum
1223 1893 1282 1937 c.
1335 1876 1479 1936 221.
1535 1875 1659 1935 283
1707 1873 2175 1958 Philippopolis
2220 1893 2453 1938 nomen
2498 1873 2842 1937 barbarum
2890 1872 3273 1958 Pulpudeua
3325 1893 3639 1957 nusquam
3685 1880 4023 1958 praeterea
4068 1894 4310 1939 memo-

1043 1999 1272 2057 ratum.
1341 2031 1421 2039 —
1482 1992 1752 2077 Scripsit
1805 1993 1999 2076 igitur
2042 1994 2205 2059 haec
2249 2000 2470 2059 auctor
2514 1991 2850 2074 oriundus,
2921 1999 2991 2057 ut
3035 2012 3230 2077 supra
3276 1993 3590 2075 diximus,
3656 2014 3738 2059 ex
3790 1993 4086 2059 ‘Gothis'
4136 1995 4317 2060 Moe-

1042 2113 1256 2204 siacis,
1311 2114 1421 2196 qui
1469 2134 1611 2179 cum
1657 2121 1806 2178 ante
1853 2112 2322 2179 Theodericum
2370 2113 2434 2177 in
2482 2112 2583 2177 his
2629 2111 2917 2196 partibus
2962 2112 3443 2195 consedissent,
3498 2134 3645 2179 eum
3689 2113 3757 2177 in
3803 2113 4058 2178 Italiam
4105 2113 4308 2180 secuti

914 2220 921 2229 ¹
1043 2254 1169 2299 non
1216 2240 1395 2317 sunt,
1450 2233 1698 2316 degens
1740 2234 1807 2298 in
1854 2232 2087 2317 oppido
2133 2233 2352 2316 aliquo
2401 2232 2773 2298 dioeceseos
2820 2232 3277 2315 Thraciarum,
3331 2241 3486 2318 puta
3529 2234 3751 2299 Tomis
3797 2234 3901 2299 vel
3947 2233 4309 2299 Marciano-

1040 2354 1172 2438 poli
1234 2356 1337 2419 vel
1384 2354 1715 2435 Anchiali,
1784 2360 1848 2418 et
1907 2372 1986 2417 ea
2045 2352 2446 2436 potissimum
2494 2352 2763 2435 selegit,
2832 2373 2998 2435 quae
3042 2326 3431 2418 Moesiacum
3479 2354 3800 2420 hominem
3846 2353 4312 2420 Thracicumve

1039 2481 1380 2557 tangerent
1442 2472 1904 2556 comprehensa
1961 2473 2095 2538 fere
2156 2474 2322 2539 inter
2381 2473 2716 2554 Sirmium,
2787 2473 3115 2538 Larissam
3161 2474 3580 2555 Thessaliae,
3651 2473 4302 2558 Constantinopolim3

1040 2616 1188 2659 nam
1235 2592 1661 2660 Chalcedonis
1706 2593 2218 2658 commemoratio
2265 2601 2433 2659 recte
2481 2614 2596 2676 pro
2644 2593 3355 2678 Constantinopolitana
3398 2593 3769 2678 accipietur.
3819 2629 3906 2641 —-
3951 2594 4071 2659 Cui
4119 2594 4309 2660 libel-

1039 2715 1241 2779 lorum
1305 2714 1538 2798 origini
1598 2713 2146 2779 accommodatum
2205 2720 2331 2794 est,
2408 2712 2582 2797 quod
2640 2713 2965 2794 nationes,
3034 2734 3301 2796 quarum
3360 2713 3759 2779 incursiones
3828 2713 4306 2797 ‘quotidianae‘

1036 2842 1357 2900 auctorem
1419 2841 1660 2900 terrent
1725 2835 1925 2916 (Rom.
1994 2841 2193 2913 extr.,
2280 2834 2424 2899 Get.
2493 2837 2568 2915 2,
2637 2837 2743 2897 37.
2824 2837 2940 2913 23,
3020 2837 3202 2915 119),
3277 2834 3543 2918 Bulgari
3602 2834 3937 2899 Venethae
4010 2834 4311 2899 Sclaveni

1030 2956 1240 3021 Antae
1297 2954 1345 3019 ii
1404 2954 1528 3039 ipsi
1590 2961 1768 3033 sunt,
1838 2954 1947 3037 qui
2007 2975 2087 3020 ea
2144 2960 2357 3019 aetate
2402 2954 2711 3018 Moesiam
2775 2960 2840 3018 et
2884 2953 3225 3018 Thraciam
3273 2953 3675 3038 potissimum
3722 2954 4152 3035 infestabant,
4220 2954 4308 3018 ad

1030 3096 1194 3159 quas
1239 3075 1652 3141 excursiones
1697 3095 1846 3139 mox
1895 3095 2102 3140 sermo
2147 3074 2413 3155 redibit,
2480 3095 2622 3140 cum
2680 3080 2909 3156 agetur
2969 3073 3050 3138 de
3111 3081 3399 3158 tempore
3458 3095 3585 3157 quo
3645 3073 3789 3138 libri
3854 3073 4073 3159 scripti
4134 3081 4306 3139 sunt.
4349 3064 4361 3071 ⁵

1034 3197 1184 3263 item
1233 3196 1783 3261 accommodatum
1835 3202 1934 3260 est
1978 3214 2294 3259 summum
2342 3194 2624 3260 studium
2670 3194 2947 3259 auctoris
2992 3201 3124 3258 tam
3170 3193 3238 3259 in
3284 3193 3675 3259 Germanum
3707 3214 3896 3276 quam
3945 3195 4011 3258 in
4056 3194 4314 3259 Belisa-

1033 3318 1217 3384 rium.
1288 3317 1650 3382 Germanus
1696 3315 1866 3380 enim
1911 3315 2255 3381 Iustiniani
2288 3315 2504 3380 fratris
2535 3315 2708 3380 filius
2740 3321 2992 3379 creatus
3026 3314 3338 3397 magister
3369 3314 3641 3379 militum
3674 3334 3789 3399 per
3818 3315 4160 3379 Thraciam
4193 3315 4312 3380 has

1032 3439 1331 3523 regiones
1378 3460 1419 3503 a
1462 3438 1753 3502 barbaris
1801 3438 2104 3502 liberarat
2148 3436 2415 3501 victoria
2461 3436 2554 3502 ita
2598 3437 2792 3517 clara,
2846 3442 2918 3501 ut
2963 3436 3170 3500 solum
3217 3456 3447 3501 nomen
3495 3435 3636 3501 eius
3683 3435 4035 3501 Sclavenos
4079 3437 4162 3501 ab
4209 3435 4311 3500 in-

1033 3560 1436 3626 cursionibus
1482 3560 1851 3637 deterreret,
1905 3578 2181 3640 eumque
2227 3577 2303 3622 eo
2348 3557 2488 3641 ipso
2533 3564 2818 3641 tempore
2863 3563 3137 3622 tutorem
3185 3575 3368 3621 suum
3407 3556 3752 3621 immatura
3782 3564 3983 3621 morte
4015 3563 4305 3640 ereptum

1031 3681 1156 3746 hae
1201 3679 1502 3762 regiones
1547 3678 1721 3743 iusta
1765 3677 2260 3761 comploratione
2307 3677 2737 3760 lugebant¹⁷}.
2818 3675 3174 3742 Belisarius
3219 3683 3457 3758 autem,
3497 3696 3686 3758 quem
3720 3675 4304 3742 laudibusextollit

1034 3823 1230 3887 supra
1274 3799 1710 3886 privatum¹⁵),
1764 3797 2071 3862 oriundus
2116 3797 2238 3862 fuit
2283 3816 2362 3861 ex
2410 3797 2734 3862 Germana
2778 3797 3015 3882 oppido
3061 3796 3304 3862 Daciae
3349 3796 3978 3878 mediterraneaew).
4070 3796 4295 3862 eodem

1032 3923 1199 3988 redit
1244 3920 1416 4004 quod
1458 3919 1638 3984 novit
1665 3917 1968 3982 Vulfilam
2015 3917 2384 4001 episcopum
2431 3924 2496 3982 et
2539 3917 2896 4002 primatem,
2950 3924 3020 3982 ut
3062 3917 3172 3999 ait,
3228 3918 3578 3982 Gothorum
3611 3915 3925 3981 minorum
3956 3916 4023 3980 in
4054 3917 4299 3982 Moesia

1044 4047 1118 4126 (c.
1156 4047 1260 4123 51,
1290 4025 1444 4122 267)
1500 4039 1680 4103 aliud
1725 4037 2013 4102 eiusdem
2060 4037 2339 4120 regionis
2384 4037 2585 4102 decus
2629 4036 2907 4102 illustre.
2986 4036 3179 4102 etiam
3227 4038 3542 4119 convenit,
3596 4037 3767 4120 quod
3800 4037 3865 4102 in
3895 4037 4294 4121 praefatione

1035 4166 1398 4230 Geticorum
1448 4160 1736 4224 libellum
1780 4164 2000 4222 auctor
2045 4158 2329 4223 Castalio
2376 4158 2581 4222 amico
2627 4158 2720 4222 ita
2765 4156 3197 4237 commendat,
3269 4164 3337 4222 ut
3382 4157 3435 4222 si
3480 4158 3638 4240 quid
3682 4157 3854 4223 desit
3895 4156 4036 4242 ipse
4095 4157 4298 4223 addat

1043 4289 1150 4350 ‘ut
1190 4282 1437 4348 vicinus
1481 4280 1707 4363 genti‘,
1759 4279 1976 4361 itaque
2021 4299 2146 4342 non
2192 4279 2463 4342 obscure
2511 4277 2833 4359 significat
2862 4297 2933 4342 se
2965 4276 3203 4360 degere
3233 4276 3300 4341 in
3334 4278 3489 4341 locis
3521 4298 3562 4342 a
3591 4277 3912 4362 primariis
3945 4278 4295 4344 Gothorum

1035 4405 1300 4472 sedibus
1346 4404 1537 4483 longe
1583 4399 1862 4480 remotis,
1915 4399 2143 4482 quales
2191 4398 2449 4464 fuerunt
2491 4398 2828 4462 Thraciae.
2924 4397 3202 4480 denique
3249 4397 3632 4463 conveniunt
3690 4419 3855 4481 quae
3901 4405 4118 4464 narrat
4161 4400 4298 4463 Ior-

1035 4528 1235 4593 danes
1284 4524 1429 4589 Get.
1487 4523 1585 4603 19,
1645 4525 1762 4583 104
1825 4519 1906 4584 de
1950 4519 2324 4604 pestilentia
2367 4540 2559 4602 quam
2622 4523 2772 4583 ‘nos
2830 4525 2978 4583 ante
3029 4518 3148 4582 hos
3192 4539 3422 4584 novem
3469 4538 3673 4582 annos
3720 4518 3967 4601 experti
4011 4521 4290 4584 sumus'.

1033 4668 1181 4712 nam
1227 4665 1372 4709 cum
1418 4640 1763 4725 scripserit,
1815 4647 1885 4705 ut
1927 4639 2098 4705 infra
2141 4639 2525 4722 videbimus,
2577 4659 2744 4703 anno
2787 4660 2852 4722 p.
2899 4638 3047 4703 Chr.
3089 4644 3237 4719 551,
3288 4640 3545 4703 morbus
3592 4638 3989 4721 significatur
4033 4659 4297 4721 grassa-

1032 4774 1135 4833 tus
1180 4786 1348 4830 anno
1394 4766 1518 4826 542
1565 4762 1668 4825 vel
1718 4765 1862 4824 543.
1945 4761 2025 4825 de
2071 4759 2444 4844 pestilentia
2489 4759 2627 4825 eius
2671 4759 2996 4844 temporiS,
3049 4780 3164 4843 per
3206 4780 3398 4841 quam
3430 4759 3775 4843 Procopius
3829 4759 4078 4839 [anecd.
4114 4780 4168 4824 c.
4215 4763 4290 4824 18

1034 4909 1099 4972 p.
1141 4889 1262 4948 112
1294 4885 1525 4966 Bonn.)
1577 4881 1668 4946 ait
1723 4879 2056 4945 dimidiam
2115 4887 2364 4966 partem
2424 4852 2750 4944 lfominum
2811 4886 2945 4944 tum
3006 4879 3354 4944 viventium
3413 4879 3762 4968 ipteriisse,
3831 4899 3998 4961 quae
4056 4879 4295 4945 tradita

1033 5005 1399 5090 accepimus
1457 5003 1742 5086 (collecta
1786 5008 1933 5066 sunt
1976 5000 2149 5085 apud
2196 5001 2558 5065 Clintonum
2605 4999 2669 5064 in
2716 4999 2902 5065 fastis
2947 5000 3034 5063 ad
3078 5020 3139 5063 a.
3178 5003 3318 5080 542)
3376 4998 3721 5064 ostendunt
3764 5020 3906 5065 eam
3953 5021 4015 5065 a.
4054 5005 4167 5063 541
4226 5000 4293 5065 in

1035 5128 1332 5211 Aegypto
1391 5130 1677 5188 exortam
1746 5141 1966 5186 mense
2026 5120 2283 5186 Octobri
2341 5142 2400 5185 a.
2472 5125 2595 5184 542
2657 5120 3038 5202 Byzantium
3097 5121 3470 5203 pervenisse
3529 5120 3748 5202 ibique
3815 5141 3931 5205 per
3996 5128 4294 5202 quattuor

1037 5266 1294 5312 menses
1338 5244 1658 5327 ingentem
1706 5249 1987 5324 stragem
2034 5242 2297 5322 fecisse,
2364 5263 2512 5305 mox
2557 5262 2619 5304 a.
2673 5244 2832 5320 543,
2900 5247 2968 5304 ut
3011 5240 3104 5304 ait
3149 5240 3504 5305 Marcellini
3558 5241 3993 5323 continuator,
4061 5240 4292 5306 Italiae

1215 5507 1273 5555 17
1336 5506 1466 5554 Vide
1502 5506 1631 5553 infra
1706 5540 1719 5553 .
1758 5505 1902 5552 xlv.

1215 5511 1292 5649 18}
1335 5593 1449 5640 Get.
1492 5589 1574 5651 33,
1621 5519 1734 5638 l‘ae'pl.
1778 5589 1861 5648 60,
1906 5588 2035 5636 315:
2090 5588 2272 5635 ‘vietor
2306 5603 2361 5635 ac
2397 5588 2728 5649 triumphator
2766 5589 3081 5635 Iustinianus
3119 5557 3383 5648 imperator
3420 5594 3472 5635 et
3506 5589 3677 5635 consul
3719 5588 3993 5636 Belisarius
4033 5589 4289 5637 Vandaliol

1040 5681 1292 5729 ‘Africani
1330 5678 1591 5738 Geticique
1630 5670 1916 5723 dicentur‘:
1958 5677 2083 5722 item
2120 5675 2173 5720 in
2208 5675 2317 5735 ipso
2353 5675 2520 5721 indice
2546 5674 2828 5722 Getioornm
2874 5675 2939 5734 (v.
2983 5690 3032 5735 p.
3065 5674 3200 5732 XV).
3271 5675 3335 5720 cf.
3378 5674 3493 5722 Get.
3536 5675 3619 5731 33,
3655 5673 3769 5722 171.
3837 5674 3976 5723 Rom.
4019 5672 4137 5722 368.
4168 5673 4286 5723 375.

1214 5765 1295 5827 19)
1337 5765 1602 5825 Procopius
1638 5763 1758 5810 bell.
1802 5761 1965 5808 Vand.
2013 5759 2056 5822 1,
2106 5759 2186 5808 ll.
