4882 6775
1948 504 2408 560 PROOEMIVM.
3706 506 3818 570 ΧΓ

553 723 813 789 Arelate
871 725 1162 790 Arverna
1217 724 1568 789 Aureliana
1626 726 1948 809 Bituriges
2003 729 2241 792 Tolosa
2283 728 2564 811 Vienna,
2635 728 3018 794 Germaniae
3064 750 3258 795 unum
3304 729 3794 812 Mogontiacum,

548 844 793 927 Illyrici
853 843 1270 910 occidentalis
1313 844 1692 911 Vindobona
1751 853 1815 911 et
1864 847 2167 912 Salonae.
2261 849 2327 912 in
2388 848 2577 913 Italia
2633 845 2846 915 autem
2909 849 3185 934 demptis
3241 849 3321 913 iis
3382 848 3573 930 locis,
3641 868 3801 930 quos

546 983 757 1028 rerum
817 965 1096 1030 narratio
1156 971 1413 1049 propter
1467 966 1713 1049 proelia
1769 966 2140 1049 similesque
2199 988 2302 1033 res
2362 974 2583 1050 gestas
2643 969 2883 1035 evitare
2941 970 3119 1034 nullo
3179 971 3366 1035 modo
3427 968 3665 1053 potuit,
3734 974 3805 1032 ut

547 1091 696 1149 sunt
740 1084 1117 1164 Consentia,
1188 1085 1503 1167 Dertona,
1567 1087 1799 1153 Forum
1846 1088 2025 1167 Iulii,
2093 1089 2458 1167 Placentia,
2527 1089 2874 1170 Pollentia,
2947 1090 3256 1172 Vulsinii,
3322 1090 3475 1156 item
3534 1107 3802 1172 quorum

550 1204 784 1269 mentio
827 1204 902 1271 fit
943 1204 1012 1269 in
1057 1204 1490 1272 debellatione
1525 1207 1876 1273 Gothorum
1923 1229 2038 1293 per
2066 1208 2451 1274 Belisarium
2499 1211 2857 1275 enarranda
2903 1211 3264 1294 Syracusae
3311 1210 3582 1293 Regium
3629 1209 3804 1273 Nea-

544 1325 713 1408 polis
758 1325 1027 1391 Perusia
1069 1326 1461 1409 Ariminum,
1524 1348 1688 1411 quae
1733 1329 1949 1393 omnia
1994 1328 2200 1394 obiter
2242 1349 2450 1411 neque
2498 1331 2632 1395 ulla
2676 1331 3130 1415 explanatione
3175 1330 3401 1396 addita
3446 1349 3805 1396 memoran-

545 1453 668 1525 tur,
721 1445 1003 1528 quinque
1047 1453 1293 1512 tantum
1339 1449 1529 1513 urbes
1574 1454 1838 1531 restant,
1892 1448 1972 1513 de
2018 1449 2247 1531 quibus
2292 1450 2511 1534 paullo
2557 1451 2918 1516 accuratius
2948 1451 3256 1516 Iordanes
3289 1450 3543 1529 scribat,
3601 1450 3803 1514 Roma

550 1566 830 1648 scilicet,
899 1566 1133 1632 deinde
1177 1567 1506 1649 Ticinum,
1575 1569 1691 1633 sed
1749 1574 1821 1632 ut
1880 1549 1960 1633 ne
2020 1568 2139 1632 hoc
2199 1570 2455 1651 quidem
2506 1570 2854 1635 Gothorum
2915 1571 3183 1656 scriptor
3241 1571 3527 1637 enuntiet
3586 1569 3804 1635 sedem

548 1686 747 1752 fuisse
808 1707 1033 1769 regum
1085 1688 1468 1769 Gothorum,
1543 1688 1698 1753 item
1757 1688 2189 1754 Mediolanum
2267 1690 2607 1773 ‘Liguriae
2674 1692 3044 1776 metropolis
3109 1698 3174 1756 et
3239 1691 3559 1775 quondam
3628 1690 3808 1773 regia

556 1796 794 1886 ‘urbs’,
873 1806 1150 1890 denique
1209 1808 1519 1873 Ravenna
1577 1809 1761 1891 regia
1819 1810 2005 1890 urbS,
2074 1817 2144 1875 ut
2201 1811 2320 1890 ait,
2385 1819 2451 1878 et
2505 1812 2809 1894 Aquileia
2873 1811 3276 1896 ‘metropolis
3330 1811 3798 1891 Venetiarum',

548 1926 772 1990 harum
820 1926 1092 1993 duarum
1138 1927 1329 1993 situm
1376 1935 1441 1994 et
1483 1927 1783 1992 viciniam
1826 1950 1940 2014 pro
1985 1950 2054 1995 re
2101 1930 2446 2013 diligenter
2490 1952 2817 1997 enarrans.
2905 1952 3071 2013 quae
3116 1933 3329 1997 omnia
3373 1932 3611 2017 optime
3656 1951 3808 1996 con-

549 2047 814 2112 veniunt
855 2047 1195 2112 Iustiniani
1240 2048 1494 2113 subdito
1540 2049 1782 2114 homini
1825 2050 1892 2114 in
1938 2050 2183 2115 Moesia
2228 2050 2523 2134 degenti;
2592 2072 2740 2115 nam
2788 2053 3100 2117 Ravenna
3158 2073 3284 2118 non
3344 2053 3553 2117 minus
3612 2072 3807 2135 quam

394 2170 423 2179 ²
550 2167 1132 2252 Constantinopolis
1174 2167 1361 2234 sedes
1393 2169 1643 2254 imperii
1675 2169 1814 2251 fuit,
1867 2171 2168 2252 Aquileia
2197 2178 2409 2237 autem
2441 2172 2787 2256 provinciis
2819 2173 2950 2238 illis
2982 2179 3309 2255 tamquam
3340 2180 3523 2258 porta
3552 2172 3804 2237 Italiae.

549 2307 630 2352 ex
676 2288 1024 2353 Ravennae
1084 2290 1260 2353 urbis
1323 2289 1750 2373 descriptione
1811 2291 1865 2354 si
1924 2291 2206 2356 eluceret
2264 2299 2583 2357 auctorem
2645 2314 2784 2358 eam
2844 2293 3120 2375 vidisse,
3190 2292 3276 2358 ad
3333 2292 3807 2359 Cassiodorium

551 2407 758 2490 magis
813 2406 884 2472 id
941 2428 1133 2491 quam
1192 2409 1279 2474 ad
1323 2409 1664 2476 Iordanem
1709 2410 2126 2476 referremus:
2194 2419 2260 2476 at
2304 2419 2552 2477 tantum
2598 2412 2811 2491 abest,
2882 2420 2949 2477 ιιι
2994 2413 3063 2478 id
3108 2414 3394 2495 eluceat,
3462 2420 3532 2479 ut
3578 2434 3612 2479 e
3659 2433 3810 2478 con-

549 2528 743 2593 trario
787 2529 913 2594 duo
959 2536 1251 2595 auctores
1304 2536 1503 2596 testes
1550 2531 1822 2596 citentur
1866 2551 2086 2596 earum
2134 2552 2379 2615 rerum,
2440 2532 2508 2597 in
2552 2532 2786 2615 quibus
2832 2535 2943 2616 qui
2988 2536 3360 2600 Ravennam
3405 2535 3548 2619 ipse
3591 2539 3813 2599 nosset

550 2649 795 2713 nullum
842 2648 1097 2714 omnino
1142 2649 1568 2716 adhibuisset.

722 2770 858 2833 Iam
903 2790 1055 2835 vero
1100 2770 1212 2834 ubi
1254 2789 1372 2835 nos
1418 2771 1845 2837 convertimus
1890 2771 1977 2836 ad
2022 2772 2316 2855 regiones
2362 2773 2816 2857 DanuvianaS,
2888 2795 3125 2841 scaena
3187 2783 3489 2841 mutatur.
3583 2774 3812 2840 fluvio-

550 2910 686 2953 rum
747 2890 856 2974 qui
900 2891 1312 2956 nominantur
1355 2892 1636 2956 omnium
1682 2899 2008 2975 tamquam
2053 2913 2166 2958 rex
2213 2901 2312 2960 est
2355 2894 2689 2960 Danuvius
2737 2903 2800 2961 et
2844 2903 2914 2961 ut
2957 2895 3036 2961 de
3080 2897 3225 2980 ipso
3270 2897 3472 2962 multa
3517 2903 3583 2961 et
3626 2895 3809 2960 varia

549 3017 889 3075 narrantur
920 3012 1049 3094 -(cf.
1100 3011 1479 3097 praesertim
1534 3014 1633 3095 12,
1690 3016 1790 3077 75.
1845 3018 1950 3095 55,
1990 3015 2165 3097 280),
2217 3014 2618 3081 affluentium
2665 3016 2805 3082 eius
2850 3017 3248 3100 aliorumque
3293 3017 3484 3082 huius
3529 3016 3810 3099 regionis

486 3100 501 3110 ”
548 3131 831 3197 amnium
877 3132 1297 3217 complurium
1342 3132 1600 3197 nomina
1648 3134 2075 3199 enuntiantur.
2157 3157 2239 3200 ex
2282 3136 2574 3220 partibus
2620 3157 2699 3202 ea
2743 3144 2957 3203 aetate
2993 3143 3175 3204 extra
3205 3137 3542 3223 imperium
3574 3138 3810 3202 Roma-

552 3272 703 3316 num
749 3252 1109 3318 constitutis
1152 3253 1383 3318 notitia
1427 3255 1672 3319 auctori
1718 3262 1817 3320 est
1859 3255 2080 3339 aliqua
2124 3255 2466 3340 Scythiae,
2533 3257 2643 3321 ubi
2705 3259 2988 3324 notabile
3049 3266 3148 3324 est
3190 3260 3321 3324 Var
3363 3258 3652 3343 Danapri
3695 3278 3812 3322 vo-

552 3372 847 3438 cabulum
894 3373 1254 3439 Hunnicum
1313 3374 1553 3440 auctori
1608 3375 2020 3442 intellectum.
2116 3384 2453 3462 praeterea
2497 3377 2736 3443 liminis
2782 3379 3303 3464 septentrionalis
3347 3379 3530 3445 Ponti
3576 3377 3814 3464 oppida

556 3492 845 3558 Graecae
904 3494 1168 3577 originis
1223 3494 1309 3559 ad
1354 3496 1823 3579 Trapezuntem
1880 3517 2085 3580 usque
2145 3505 2404 3582 propter
2452 3498 2521 3563 id
2564 3499 2777 3583 ipsum
2823 3500 3174 3566 admissam
3223 3522 3284 3585 p.
3340 3504 3440 3582 62,
3497 3507 3558 3564 4.
3612 3503 3713 3581 66,
3768 3504 3807 3562 4

555 3633 683 3676 non
742 3612 1157 3694 indiligenter
1213 3622 1526 3681 recenset.
1641 3636 1849 3699 neque
1905 3616 2168 3699 ignotae
2226 3619 2287 3683 ei
2354 3624 2502 3684 sunt
2561 3620 2765 3685 Dacia
2824 3628 2889 3686 et
2946 3621 3275 3686 Pannonia
3339 3621 3585 3687 scilicet
3648 3640 3813 3704 quae

555 3733 646 3799 ita
691 3733 1070 3799 dicebantur
1113 3741 1324 3800 aetate
1370 3734 1663 3818 antiqua.
1757 3736 2109 3803 civitatium
2154 3746 2369 3805 autem
2414 3741 2826 3806 nominantur
2870 3741 3177 3825 Scythiae
3221 3731 3590 3827 provinciae
3629 3739 3813 3806 Tomi

556 3860 619 3918 et
664 3853 1147 3933 Noviodunum;
1201 3855 1483 3921 Moesiae
1529 3855 1850 3922 inferioris
1897 3858 2204 3940 Odessus,
2260 3861 2776 3946 Marcianopolis,
2829 3862 3266 3946 Durostorum,
3319 3863 3562 3944 Novae,
3617 3862 3816 3927 Nico-

556 3974 762 4058 polis,
814 3975 1133 4054 Abrittus;
1199 3976 1478 4059 origines
1522 3977 1882 4044 referuntur
1924 3980 2301 4064 Tomorum,
2354 3981 2885 4068 MarcianopoliS,
2939 3983 3301 4069 Nicopolis,
3356 3983 3445 4049 ad
3488 3984 3656 4049 hanc
3701 3981 3816 4047 de—

558 4101 784 4176 gentes
831 4095 1025 4160 Gothi
1068 4103 1362 4180 pastores
1407 4105 1705 4164 accurate
1751 4098 2233 4181 describuntur;
2297 4102 2645 4168 Durostoro
2704 4104 2958 4169 natales
3004 4104 3175 4170 Aetii
3231 4105 3636 4171 vindicantur
3678 4104 3816 4169 loco

556 4217 638 4280 ab
681 4215 822 4299 ipso
867 4222 1124 4282 auctore
1169 4216 1440 4297 insert0,
1511 4225 1583 4283 ut
1626 4218 1729 4285 hic
1776 4219 2144 4305 scriptorem
2191 4222 2523 4289 evidenter
2566 4231 2880 4309 appareat
2921 4225 2988 4290 in
3036 4226 3228 4291 rebus
3273 4225 3499 4310 patriis
3544 4223 3812 4291 versari.

556 4374 641 4383 —
688 4336 997 4402 Similiter
1037 4343 1389 4403 tractantur
1418 4339 1708 4404 eiusdem
1742 4340 2127 4423 dioeceseOS,
2186 4342 2432 4409 scilicet
2463 4345 2902 4428 Thraciarum,
2955 4346 3322 4431 provinciae
3351 4346 3523 4412 aliae
3553 4345 3820 4411 Haemi-

557 4464 844 4540 montus,
897 4457 1080 4522 cuius
1124 4459 1534 4524 nominantur
1576 4461 1931 4526 Anchialus
1977 4471 2042 4529 et
2086 4464 2618 4549 Hadrianopolis;
2688 4466 3001 4548 Thracia,
3054 4466 3224 4532 unde
3269 4468 3623 4533 afferuntur
3663 4465 3821 4530 Phi-

558 4578 898 4663 lippopolis
946 4585 1011 4644 et
1054 4579 1291 4660 Beroa3
1360 4581 1654 4665 Europa,
1723 4582 1904 4646 cuius
1961 4583 2338 4668 oppidorum
2382 4585 2828 4669 Arcadiopolis
2881 4593 2946 4652 et
2989 4587 3191 4671 Bizye
3235 4594 3456 4653 auctor
3500 4585 3810 4668 meminit,

560 4704 630 4762 ut
671 4698 1000 4763 mittamus
1044 4698 1252 4784 ipsam
1286 4700 1920 4786 Constantinopolim.
2007 4703 2076 4768 in
2122 4704 2222 4769 his
2253 4705 2609 4770 Anchialus
2653 4706 2931 4772 maxime
2979 4708 3339 4773 celebratur
3382 4729 3526 4774 cum
3572 4707 3817 4791 origine

560 4819 767 4883 relata
830 4825 964 4883 tum
1034 4820 1315 4886 laudatis
1374 4821 1639 4886 thermis
1713 4823 1914 4888 ‘inter
1969 4824 2216 4906 reliqua
2273 4825 2467 4890 totius
2525 4826 2747 4891 mundi
2805 4827 3194 4893 thermarum
3254 4827 3817 4895 innumerabilium

569 4939 747 5003 ‘loca
790 4939 1137 5025 praecipue
1181 4941 1266 5006 ad
1314 4942 1652 5008 sanitatem
1698 4943 2089 5009 infirmorum
2137 4945 2632 5012 efficacissimis’
2693 4948 2768 5028 (c.
2805 4951 2907 5030 20,
2954 4951 3124 5032 109).
3206 4948 3484 5032 denique
3522 4971 3603 5015 ex
3641 4939 3822 5014 dioc-¹

561 5059 689 5125 cesi
736 5059 981 5142 Illyrici
1017 5061 1371 5127 Thracicae
1416 5063 1629 5128 vicina
1673 5073 2245 5131 commemorantur
2286 5065 2351 5130 in
2395 5066 2727 5150 provincia
2769 5067 3051 5133 Moesiae
3097 5069 3382 5135 inferiori
3427 5070 3820 5136 contermina

562 5180 765 5244 Dacia
807 5180 1045 5265 ripensi
1091 5181 1288 5266 VtuS,
1354 5183 1613 5267 AlmuS,
1682 5184 1959 5267 Oescus,
2030 5186 2259 5252 Castra
2302 5186 2560 5267 Martis3
2627 5188 2695 5252 in
2739 5188 2946 5254 Dacia
2990 5190 3460 5257 mediterranea
3503 5192 3812 5268 Naissus3

564 5300 629 5364 in
675 5299 1005 5365 Dardania
1050 5301 1278 5367 Castra
1322 5304 1650 5386 Herculis;
1703 5306 1772 5371 in
1815 5306 2060 5373 Moesia
2105 5309 2433 5392 superiore
2481 5308 2944 5391 Singidunum,
3004 5311 3074 5375 in
3120 5312 3316 5377 Savia
3358 5313 3713 5378 Bassianae
3760 5319 3825 5377 et

562 5419 897 5498 Sirmium;
965 5421 1033 5486 in
1076 5423 1455 5490 Macedonia
1500 5426 1983 5504 Thessalonica,
2037 5428 2342 5512 Cyrrhus,
2394 5429 2600 5510 Pella,
2653 5429 2964 5514 EuropuS,
3019 5432 3340 5513 Methone,
3393 5433 3643 5516 Pydna,
3696 5434 3823 5498 Be—

560 5561 747 5623 roea,
817 5541 1016 5622 Dius;
1087 5543 1154 5608 in
1200 5544 1544 5609 Thessalia
1588 5546 1904 5613 Heraclea
1961 5553 2026 5612 et
2086 5548 2368 5613 Larissa.
2467 5549 2736 5615 ulterius
2796 5551 3178 5618 nonhabet
3236 5552 3363 5618 nisi
3422 5553 3819 5619 Athenarum

561 5660 943 5727 mentionem
992 5664 1248 5729 exilem.
1330 5665 1396 5729 in
1439 5666 1544 5730 his
1587 5667 1859 5751 primum
1891 5669 2174 5735 notabile
2207 5677 2306 5735 est
2336 5669 2510 5753 quod
2540 5670 2621 5737 de
2652 5671 2898 5737 Castris
2930 5674 3150 5738 Martis
3184 5694 3378 5758 supra
3421 5675 3502 5757 (p.
3541 5674 3648 5756 VI)
3689 5674 3817 5750 iam

562 5782 1045 5868 occupavimus:
1101 5805 1249 5849 nam
1296 5793 1427 5851 tres
1472 5787 1641 5852 viros
1687 5807 1769 5853 ex
1816 5809 1895 5853 ea
1936 5790 2199 5873 regione
2231 5790 2553 5875 oriundos,
2605 5793 2673 5857 in
2706 5792 2807 5857 his
2838 5793 3262 5858 clarissimum
3296 5794 3523 5859 ducem
3555 5795 3822 5860 Bessam

3329 5915 3410 5969 b*
