4882 6775
421 1600 478 1639 10

416 2115 476 2155 15
521 2136 526 2140 -

413 2628 474 2670 20

2004 429 2301 516 GET10'A.
2377 427 2393 443 ⁸
3701 466 3779 527 73

518 650 843 715 civitatem
887 649 1213 714 instructis
1259 648 1460 734 copiis
1506 659 1760 715 vastare
1809 649 2146 731 deliberat,
2199 670 2366 734 quae
2411 658 2562 716 tunc
2606 659 2862 735 propter
2908 650 3186 717 vicinam
3230 651 3511 718 Thomes
3545 652 3772 719 Gothis
3819 652 3883 716 X

517 760 656 818 erat
703 753 1011 819 subiecta.
1110 752 1279 817 unde
1339 759 1404 818 et
1463 753 1828 819 sacerdotes
1876 740 2223 820 Gothorum
2281 755 2378 819 illi
2440 754 2551 837 qui
2608 754 2697 840 pii
2743 755 3137 820 vocabantur
3181 755 3391 820 subito
3436 755 3779 840 patefactis

517 855 719 939 portis
781 876 926 921 cum
988 854 1251 920 citharis
1310 862 1375 920 et
1434 855 1720 921 vestibus
1782 856 2073 922 candidis
2135 857 2391 922 obviam
2446 857 2693 940 egressi
2736 857 2964 941 patriis
3010 856 3172 938 diis,
3241 864 3311 922 ut
3355 857 3478 922 sibi
3523 859 3778 942 propitii

517 958 906 1024 Macedonas
954 958 1361 1043 repellerent,
1415 978 1570 1024 voce
1618 959 1897 1043 supplici
1940 958 2370 1025 modulantes.
2452 979 2614 1043 quos
2653 960 3039 1025 Macedones
3088 960 3183 1025 sic
3226 959 3611 1027 fiducialiter
3657 962 3778 1025 sibi

519 1082 848 1127 occurrere
897 1068 1275 1127 contuentes
1321 1061 1680 1147 stupiscent
1724 1070 1807 1145 et,
1862 1062 1917 1127 si
1964 1062 2091 1128 dici
2138 1062 2240 1128 fas
2285 1070 2402 1145 est,
2456 1064 2536 1127 ab
2583 1062 2935 1128 inermibus
2980 1069 3296 1129 terrentur
3326 1063 3577 1127 armati.
3660 1083 3778 1128 nec

517 1186 694 1230 mora
741 1164 953 1229 soluta
998 1165 1136 1230 acie
1182 1185 1373 1248 quam
1422 1164 1504 1230 ad
1550 1164 1922 1231 bellandum
1970 1172 2491 1247 construxerant,
2554 1186 2681 1230 non
2724 1172 2969 1231 tantum
3016 1167 3098 1231 ab
3144 1166 3321 1231 urbis
3367 1166 3620 1232 excidio
3667 1168 3777 1228 ab-

518 1272 887 1351 stinuerunt,
943 1288 1161 1332 verum
1210 1267 1404 1333 etiam
1453 1275 1519 1333 et
1562 1287 1725 1350 quos
1770 1267 1926 1334 foris
1971 1268 2226 1334 fuerant
2270 1269 2407 1333 iure
2449 1269 2606 1334 belli
2638 1268 2879 1352 adepti,
2931 1268 3371 1351 reddiderunt,
3422 1268 3776 1351 foedusque

516 1371 671 1436 inito
739 1370 826 1435 ad
895 1389 1012 1435 sua
1079 1370 1319 1435 reversi
1387 1378 1554 1436 sunt.
1651 1371 1821 1454 quod
1883 1370 2101 1435 dolum
2161 1379 2307 1457 post
2361 1372 2623 1455 longum
2681 1378 2935 1456 tempus
2992 1372 3411 1438 reminiscens
3470 1372 3772 1455 egregius
3819 1376 3899 1437 66

517 1473 865 1539 Gothorum
917 1473 1138 1538 ductor
1184 1472 1548 1555 Sithalcus,
1616 1491 1698 1538 CL
1744 1473 2022 1538 virorum
2070 1474 2330 1539 milibus
2378 1474 2784 1558 congregatis
2828 1470 3332 1541 Atheniensibus
3377 1474 3592 1540 intulit
3635 1475 3777 1541 bel-

516 1577 649 1641 lum
696 1577 1010 1641 adversus
1055 1575 1421 1641 Perdiccam
1468 1576 1882 1643 Macedoniae
1929 1597 2168 1660 regem,
2221 1597 2410 1661 quem
2456 1577 2827 1642 Alexander
2870 1578 3044 1662 apud
3089 1577 3537 1661 Babylloniam
3583 1577 3775 1642 mini-

519 1680 632 1745 stri
698 1679 954 1744 insidiis
1021 1687 1253 1765 potans
1319 1680 1644 1745 interitum
1666 1682 1705 1762 ¹)
1776 1680 2263 1746 Atheniensium
2332 1680 2719 1765 principatui
2787 1679 3177 1746 hereditario
3232 1680 3371 1745 iure
3428 1680 3777 1763 reliquerat

518 1802 975 1848 successorem.
1068 1802 1302 1865 magno
1361 1783 1606 1866 proelio
1666 1803 1806 1847 cum
1867 1783 1991 1847 hoc
2032 1782 2193 1848 inito
2239 1782 2433 1848 Gothi
2481 1783 2841 1868 superiores
2885 1782 3128 1848 inventi
3173 1790 3350 1864 sunt,
3417 1790 3483 1849 et
3525 1783 3618 1849 sic
3661 1803 3774 1868 pro

515 1884 769 1968 iniuria,
823 1906 952 1968 qua
996 1884 1094 1949 illi
1139 1885 1206 1950 in
1251 1886 1494 1951 Moesia
1539 1885 1782 1951 dudum
1827 1885 2152 1965 fecissent,
2206 1886 2316 1951 isti
2362 1886 2428 1950 in
2476 1886 2705 1952 Grecia
2754 1887 3184 1952 discurrentes
3230 1893 3523 1952 cunctam
3555 1887 3773 1952 Mace-

517 1989 771 2053 doniam
815 1994 1254 2054 vastaverunt.

686 2092 937 2157 Dehinc
982 2098 1294 2173 regnante
1341 2091 1571 2157 Gothis
1618 2091 1918 2157 Buruista
1962 2091 2270 2157 Dicineus
2314 2092 2493 2158 venit
2535 2092 2600 2156 in
2647 2092 2968 2173 Gothiam,
3030 2112 3154 2174 quo
3201 2100 3484 2177 tempore
3531 2094 3768 2157 Roma·
3813 2096 3908 2160 XI
3956 2099 4038 2161 67

516 2215 739 2260 norum
801 2194 986 2278 Sylla
1044 2193 1280 2277 potitus
1341 2199 1438 2258 est
1498 2194 1949 2280 principatum.
2045 2216 2234 2276 quem
2295 2195 2632 2260 Dicineum
2694 2195 3052 2280 suscipiens
3112 2196 3415 2261 Buruista
3474 2195 3652 2261 dedit
3711 2195 3770 2260 ei

517 2318 679 2383 pene
724 2297 969 2381 regiam
1015 2302 1437 2380 potestatem;
1514 2297 1696 2362 cuius
1744 2297 2009 2363 consilio
2059 2297 2253 2363 Gothi
2301 2299 2764 2364 Germanorum
2812 2305 3050 2379 terraS,
3116 2318 3278 2380 quas
3324 2318 3494 2363 nunc
3538 2298 3770 2362 Franci

515 2401 837 2485 optinent,
903 2399 1193 2484 populati
1254 2406 1422 2465 sunt.
1517 2400 1758 2465 Caesar
1816 2421 2002 2481 vero,
2069 2401 2175 2484 qui
2232 2401 2355 2465 sibi
2398 2401 2644 2486 primus
2689 2401 2968 2465 omnium
3015 2403 3369 2466 Romanum
3415 2400 3767 2466 vindicavit
3813 2406 3892 2469 68

512 2503 850 2588 imperium
911 2510 977 2569 et
1032 2523 1197 2587 pene
1258 2522 1506 2567 omnem
1570 2504 1876 2568 mundum
1938 2523 2092 2568 suae
2154 2503 2388 2568 dicioni
2450 2503 2706 2586 subegit
2748 2504 3088 2586 omniaque
3135 2524 3336 2587 regna
3381 2492 3761 2588 perdomuit,

516 2608 678 2672 adeo
738 2613 808 2671 ut
865 2612 1047 2670 extra
1101 2611 1318 2670 nostro
1378 2605 1533 2670 urbe
1590 2605 1657 2669 in
1717 2606 1941 2671 oceani
1986 2606 2130 2671 sinu
2175 2606 2492 2690 repositas
2535 2606 2782 2670 insulas
2828 2614 3200 2691 occuparet,
3268 2613 3335 2672 et
3376 2626 3496 2671 nec
3539 2627 3768 2671 nomen

503 2708 943 2777 ‘Romanorum
988 2709 1211 2774 auditu
1258 2709 1369 2792 qui
1412 2716 1743 2789 noverant,
1797 2729 1906 2775 eos
1937 2710 2241 2774 Romanis
2287 2709 2653 2775 tributarios
2701 2709 2958 2789 faceret,
3013 2709 3254 2774 Gothos
3299 2717 3515 2774 tamen
3548 2709 3768 2774 crebro

514 2819 948 2899 pertemptans
1008 2811 1298 2892 nequivit
1358 2811 1649 2878 subicere
1667 2814 1741 2893 ²).
1839 2812 2042 2877 Gaius
2089 2812 2387 2877 Tiberius
2445 2813 2573 2876 iam
2620 2814 2846 2878 tertius
2892 2820 3120 2896 regnat
3162 2813 3495 2877 Romanis:
3571 2812 3765 2877 Gothi

512 2924 725 2982 tamen
787 2935 901 2980 suo
959 2934 1156 2998 regno
1200 2915 1520 2980 incolume
1565 2924 2038 3000 perseverant..
2095 2916 2326 2999 quibus
2371 2916 2494 2981 hoc
2539 2922 2677 2980 erat
2720 2916 3012 2993 salubre,
3079 2916 3198 2981 hoc
3249 2915 3758 2996 adcommodum,
3811 2922 3893 2985 69

686 3299 735 3344 Η
759 3296 803 3343 Ρ
834 3297 871 3343 V
896 3297 938 3344 L
965 3297 1006 3343 A
1035 3295 1072 3343 S
1103 3295 1182 3355 (22
1210 3296 1368 3345 Gaius
1391 3321 1460 3331 —
1487 3294 1551 3344 23
1576 3298 1916 3356 perseverant)
1953 3295 1995 3342 O
2022 3298 2064 3343 Β
2090 3297 2136 3345 Χ
2165 3296 2228 3351 (Υ
2252 3298 2336 3357 Z).
2399 3295 2659 3355 Freculsus
2686 3301 2733 3357 1,
2766 3297 2815 3357 9,
2844 3299 2909 3346 25
2935 3293 3048 3362 [16]
3085 3297 3131 3351 (a
3158 3296 3220 3345 15
3248 3297 3532 3353 Dicineus).

689 3452 710 3500 1
754 3454 996 3501 uiciniam
1035 3452 1176 3499 uxr
1397 3447 1614 3517 thomas]
1643 3425 2097 3512 ΉΡηΑοΧΥΖ,
2143 3452 2382 3501 thameris
2419 3453 2463 3500 B
2707 3450 2736 3500 2
2774 3454 2856 3501 nn
2893 3448 3005 3518 qui]
3041 3454 3202 3514 aliqui
3244 3450 3332 3498 os
3557 3448 3655 3518 pn]
3692 3452 3764 3499 du

512 3539 618 3586 Iac.
656 3536 842 3585 Gn‘mm
882 3535 1158 3586 Geschichtc
1193 3538 1282 3585 der
1314 3537 1579 3585 deutschen
1616 3537 1826 3598 Sprache
1863 3539 1895 3583 ‘2
1927 3537 2017 3586 (ed.
2053 3542 2099 3599 1)
2126 3554 2179 3599 p.
2211 3540 2312 3586 818
2522 3539 2837 3587 uocabantur
2873 3538 2916 3585 B
3124 3533 3313 3603 subito]
3350 3539 3514 3586 subito
3550 3541 3685 3585 enim
3722 3538 3768 3585 B

508 3623 539 3672 3
576 3620 712 3690 cum]
747 3630 801 3672 et
831 3623 920 3671 OB
1126 3624 1340 3671 canditis
1373 3622 1415 3669 O
1624 3619 1835 3688 egressi]
1873 3630 1994 3670 sunt
2030 3625 2214 3682 egressi
2252 3624 2297 3671 B
2503 3625 2729 3686 paternis
2771 3623 2860 3671 OB
3067 3626 3308 3685 propiciis
3351 3623 3408 3685 O,
3450 3626 3688 3687 propitiis
3725 3625 3767 3671 B

507 3708 539 3757 4
576 3710 869 3759 macedones
908 3711 951 3757 A
1196 3723 1344 3757 uoces
1386 3707 1459 3756 A⁴¹
1704 3710 1890 3770 suplici
1930 3710 1986 3765 P,
2032 3711 2280 3771 supplicis
2323 3710 2365 3755 O
2609 3710 2638 3758 5
2679 3706 2982 3775 stupiscent]
3019 3709 3175 3770 HPV,
3221 3712 3511 3771 stupiscunt
3551 3709 3612 3772 O,
3652 3718 3765 3758 stu-

503 3803 718 3857 pescunt
754 3794 993 3843 LABXY
1197 3802 1494 3844 tenerentur
1536 3793 1578 3840 O
1764 3857 1768 3861 .
1812 3794 1843 3843 6
1880 3795 2041 3842 soluta
2077 3791 2206 3860 acie]
2243 3797 2349 3843 acie
2393 3795 2451 3858 Ο,
2496 3797 2651 3844 aciem
2688 3795 2732 3841 Β
2940 3796 3129 3843 bellum
3173 3795 3261 3843 OB
3469 3804 3765 3845 construxe-

504 3888 623 3929 runt
664 3881 853 3928 OBXY
1077 3877 1458 3946 abstinuerunt]
1497 3883 1692 3942 scripsi,
1731 3895 1827 3928 om.
1855 3879 2301 3942 HPVLAOXYZ,
2340 3887 2663 3930 remouerunt
2699 3881 2742 3928 Β
2975 3881 3001 3928 ἰ’
3042 3878 3190 3948 quos]
3227 3882 3357 3943 quod
3395 3881 3438 3928 L
3648 3884 3767 3931 foris

503 3963 731 4033 fuerant]
765 3969 972 4016 fuerunt
1014 3966 1103 4014 OB
1348 3967 1620 4014 redderunt
1663 3965 1704 4012 O
1958 3966 2234 4027 foedusque
2271 3963 2422 4033 inito]
2459 3953 2747 4029 HPVbLO,
2792 3968 3067 4029 foedusque
3103 3969 3291 4016 initum
3325 3966 3421 4028 V‘,
3463 3967 3764 4030 foedereque

502 4057 631 4104 inito
673 4053 865 4102 ABXY
1070 4052 1100 4102 8
1138 4053 1197 4100 ad
1236 4067 1374 4100 suam
1417 4052 1473 4114 O,
1517 4067 1613 4101 om.
1646 4053 1686 4099 A
1897 4055 2025 4114 quod
2064 4049 2256 4119 dolum]
2291 4067 2438 4114 quem
2477 4053 2642 4101 dolum
2682 4052 2837 4113 BXY,
2880 4055 3025 4102 cuius
3060 4054 3161 4102 doli
3197 4055 3243 4101 A
3452 4053 3483 4103 9
3521 4055 3766 4103 sitalchus

503 4141 600 4187 ΧΥ
829 4138 892 4188 10
928 4139 1177 4200 perdicam
1219 4138 1471 4186 AOXYZ.
1519 4139 1799 4200 predictum
1838 4138 1878 4185 L
2112 4153 2260 4200 quem
2297 4154 2392 4188 om.
2430 4139 2474 4186 O
2704 4137 3063 4206 babylloniam]
3100 4139 3210 4202 ΗΡ,
3252 4141 3561 4200 babyloniam
3606 4142 3698 4189 ΟΧ
3710 4142 3759 4198 Υ,

501 4228 803 4274 babiloniam
843 4225 988 4287 VAB,
1035 4226 1521 4285 babiloniae'regem
1561 4225 1603 4272 L
1886 4224 1940 4274 ll
1984 4231 2167 4285 putans
2205 4228 2248 4272 A
2528 4222 2860 4291 principatui]
2896 4227 3204 4288 principatus
3243 4227 3305 4288 A,
3358 4227 3638 4289 principem
3676 4228 3724 4274 Χ
3732 4227 3771 4273 Υ

510 4310 567 4360 12
606 4326 718 4359 cum
756 4312 806 4360 h.
847 4314 921 4361 in.
963 4326 1038 4374 pr.
1080 4314 1123 4358 A
1305 4311 1496 4370 ¹gothis
1536 4310 1617 4357 pa
1850 4310 1909 4360 13
1948 4308 2068 4377 qua]
2104 4310 2310 4373 HPVL,
2353 4326 2501 4373 quam
2542 4312 2731 4359 AOBX
2747 4311 2784 4357 Υ
2984 4308 3169 4378 grecia]
3206 4312 3446 4360 HPLAX
3459 4314 3506 4374 Y,
3550 4316 3763 4373 greciam

511 4397 613 4459 OB,
656 4399 897 4458 graetiam
932 4398 971 4444 V
1201 4397 1262 4446 15
1300 4402 1593 4457 regnantem
1639 4397 1680 4444 O
1889 4394 2074 4463 gothis]
2111 4397 2278 4458 gethis
2317 4398 2373 4456 P,
2419 4401 2471 4445 in
2510 4398 2676 4458 gothis
2715 4398 2929 4446 aithalco
2965 4399 3008 4446 Β
3216 4395 3470 4465 burnista]
3507 4398 3762 4458 HPVXY,

502 4485 707 4531 burusta
746 4482 807 4544 L,
846 4485 1064 4532 boroista
1108 4483 1210 4542 OB,
1256 4484 1497 4543 hyr-misia
1533 4484 1578 4529 A
1809 4484 2042 4533 dicineus
2078 4512 2146 4519 —
2189 4483 2250 4532 16
2287 4485 2517 4532 buruista
2554 4500 2648 4533 om.
2687 4483 2727 4529 Ζ
2953 4481 3205 4550 dicineus]
3242 4484 3591 4546 HPVLAXY,
3632 4486 3765 4533 dice-

503 4583 628 4617 neus
673 4570 763 4617 OB
1043 4569 1104 4618 16
1143 4565 1286 4635 sylla]
1324 4568 1514 4616 HPVB
1529 4569 1578 4631 Y,
1621 4570 1733 4617 silla
1770 4569 1962 4617 LAOX
2235 4577 2313 4618 est
2348 4584 2444 4618 om.
2475 4571 2519 4618 L
2796 4572 3079 4632 principatu
3122 4571 3213 4618 AB
3482 4567 3765 4637 dicineum]

502 4655 844 4717 HPVLAXY,
884 4656 1126 4704 diceneus
1167 4656 1266 4715 (sic)
1319 4654 1407 4702 OB
1635 4653 1886 4722 buruista]
1924 4657 1971 4703 X
1982 4656 2030 4716 Y,
2075 4658 2287 4704 bul-usta
2326 4656 2388 4716 L,
2426 4658 2643 4704 boroista
2685 4656 2793 4717 OB,
2834 4659 3062 4705 boscusta
3098 4657 3301 4718 HPVA,
3346 4657 3585 4706 Boscurta
3622 4659 3758 4705 Frec.

506 4740 560 4788 17
603 4738 767 4808 gothi]
804 4748 946 4802 getae
986 4743 1030 4788 A
1285 4755 1446 4803 quans
1485 4740 1542 4788 H
1800 4740 1862 4790 18
1899 4755 2206 4790 romanorum
2248 4742 2434 4789 ΑΧΥΖ
2695 4741 2761 4790 20
2799 4753 2964 4790 nostro
3004 4738 3150 4808 urbe]
3194 4743 3247 4802 V,
3289 4748 3456 4791 nostro
3491 4744 3606 4791 orbe
3644 4742 3760 4802 HL,

500 4826 592 4874 ffr‘*
636 4829 806 4875 urbem
844 4827 900 4887 P,
944 4833 1166 4875 nostrum
1205 4829 1379 4875 urbem
1422 4826 1481 4888 O,
1526 4834 1749 4876 nostrum
1787 4829 1953 4875 orbem
1992 4827 2132 4875 ΑΒΧ
2142 4829 2180 4875 Υ
2207 4829 2344 4875 Frec.
2593 4830 2650 4876 in
2689 4842 2784 4878 om.
2833 4828 2924 4875 OB
3164 4829 3335 4876 oceani
3373 4825 3518 4895 sinu]
3559 4828 3757 4888 OBXY,

500 4915 666 4960 oceani
705 4913 914 4974 HPVL,
956 4927 1136 4962 oceano
1173 4915 1216 4961 A
1244 4915 1380 4961 Frec.
1650 4915 1894 4975 sepositas
1931 4915 1974 4960 A
2242 4919 2535 4975 occupasset
2571 4915 2714 4961 ΑΧΥ
2951 4911 3025 4980 et]
3061 4921 3113 4962 et
3148 4916 3235 4976 qui
3273 4914 3316 4961 B
3560 4917 3763 4963 nomine

500 5012 542 5046 r.
583 4999 752 5047 audito
788 4999 884 5046 ΧΥ
1155 4999 1215 5048 21
1259 4996 1370 5066 qui]
1404 5001 1535 5061 quod
1579 4999 1636 5058 O,
1681 5000 1882 5061 quidem
1922 4999 1965 5046 B
2233 5001 2492 5049 tributario
2536 5000 2577 5047 O
2845 4998 3036 5067 tamen]
3073 5008 3195 5049 tunc
3233 5003 3275 5047 A
3543 5017 3607 5050 cr.
3652 5016 3765 5063 per-

500 5081 775 5150 temptans]
810 5086 980 5134 crebro
1025 5085 1186 5145 (crebo
1212 5087 1272 5148 B)
1313 5091 1568 5146 temptans
1613 5084 1700 5133 OB
1909 5084 1972 5134 22
2013 5088 2242 5146 subigere
2285 5073 2411 5148 0⁶13,
2455 5088 2697 5145 subegere
2740 5086 2809 5134 O“
3021 5089 3163 5147 gaius
3209 5089 3368 5147 (gatus
3394 5087 3449 5147 P)
3494 5084 3615 5153 tib.]
3652 5088 3763 5136 libri

500 5174 544 5216 et
573 5171 730 5232 Frcc.,
772 5169 955 5233 Caesar
991 5173 1221 5221 Tiberius
1263 5172 1552 5220 Gutschmid
1572 5187 1623 5232 p.
1659 5175 1754 5219 144
1775 5188 1790 5216 .·
1830 5172 1913 5220 sed
1937 5174 2095 5232 mayis
2119 5177 2206 5231 est,
2249 5177 2304 5219 ut
2331 5175 2504 5220 errarit
2530 5172 2767 5220 Iordanes
2976 5175 3207 5232 regnauit
3233 5174 3281 5221 X
3290 5173 3371 5221 ΥΖ
3581 5172 3646 5222 23
3684 5182 3760 5222 ta-

501 5253 640 5323 men]
676 5264 874 5306 tantum
911 5261 964 5306 in
1005 5261 1049 5306 A
1347 5255 1620 5324 incolume]
1656 5259 1817 5316 HPV,
1858 5261 2100 5307 incolome
2138 5259 2200 5320 L,
2240 5259 2471 5307 incolomi
2510 5258 2660 5316 SOB,
2702 5260 2979 5307 incolumes
3015 5261 3063 5306 Χ
3074 5261 3124 5321 Υ,
3164 5261 3434 5308 incolomes
3475 5263 3518 5307 A
3556 5262 3687 5309 Frec.

498 5349 599 5392 erat
636 5358 731 5392 om.
763 5345 809 5391 A
1017 5346 1108 5394 hoc
1145 5346 1250 5394 ade.
1292 5345 1384 5392 boc
1423 5340 1558 5410 uot.]
1595 5345 1684 5392 hoc
1722 5351 1821 5392 uot.
1866 5345 1962 5392 suit
2001 5346 2060 5402 A,
2106 5352 2192 5392 aut
2227 5345 2331 5393 adc.
2381 5346 2707 5402 (commodum
2746 5346 2803 5406 B)
2848 5351 2937 5394 aut
2974 5351 3075 5396 uot.
3125 5346 3212 5393 OB
3843 5351 3873 5386 ⁶

676 5671 716 5727 1)
769 5670 970 5720 Orosius
1005 5673 1056 5732 3,
1100 5673 1195 5721 20.-
1235 5672 1524 5720 Alexander
1558 5672 1689 5733 apud
1727 5672 2045 5729 Babyloniam
2087 5687 2200 5720 cum
2239 5707 2252 5720 .
2285 5708 2298 5720 .
2332 5708 2344 5720 .
2387 5674 2604 5720 ministri
2646 5673 2851 5720 insidiis
2887 5686 3138 5721 venenum
3178 5677 3417 5734 potasset,
3462 5674 3676 5721 interiit.

669 5756 714 5819 2)
759 5756 829 5816 cf.
878 5756 1081 5804 Orosius
1125 5763 1165 5810 1,
1216 5758 1308 5803 16:
1355 5756 1536 5817 (Getas)
1584 5756 1763 5805 Caesar
1802 5794 1810 5804 .
1848 5793 1855 5802 .
1893 5794 1903 5804 .
1946 5757 2240 5806 declinavit.

651 5857 892 5899 Ionmxss.
3277 5860 3337 5908 10
