4882 6775
1118 496 1192 554 14
2558 488 2919 544 IORDANIS

953 683 1075 744 112
1113 699 1272 763 erga
1329 698 1399 744 se
1455 687 1709 745 acturos
1765 687 1990 765 postea
2045 679 2412 763 cupiebant.
2507 679 2615 763 qui
2674 680 2828 743 ordo
2884 698 3089 761 usque
3148 677 3235 742 ad
3280 677 3642 759 Augustum
3689 675 4033 740 Caesarem
4078 675 4366 742 obtenuit
4389 690 4544 732 nurus

1112 782 1553 867 privilegium,
1628 803 1743 866 per
1807 782 1962 846 viris
2021 800 2357 848 nccccxv1
2410 782 2479 846 in
2538 802 2687 846 ann.
2756 800 3115 847 ccccnvm.
3217 800 3445 845 novem
3513 778 3569 844 si
3635 776 3895 861 quidem
3961 798 4163 844 annos
4230 779 4367 843 sine

957 888 1077 949 113
1116 886 1518 967 consulibuS,
1594 886 1709 950 sed
1777 892 2024 951 tantum
2093 887 2213 950 sub
2279 886 2567 950 tribunos
2633 885 2843 969 plebis
2907 884 3058 963 fuit,
3133 890 3430 966 quattuor
3495 882 3634 946 sine
3699 881 4022 947 iudicibus
4041 884 4114 963 ¹).
4217 903 4366 946 nam

1115 996 1259 1073 post
1319 996 1580 1053 exactos
1639 1008 1826 1071 reges
1873 1009 2110 1053 annum
2158 1009 2352 1053 unum
2400 988 2614 1070 quinis
2661 988 2892 1053 diebus
2939 987 3181 1070 singuli
3229 992 3593 1050 senatorum
3639 1005 3773 1049 rem
3818 986 4142 1069 publicam
4188 986 4369 1050 obte-

1050 1113 1075 1153 ⁵
1113 1099 1390 1157 nuerunt
1407 1093 1452 1173 ²)
1519 1098 1584 1156 et
1637 1098 1787 1157 tunc
1847 1090 2097 1156 duobus
2158 1091 2388 1156 creatis
2448 1091 2819 1156 consulibus
2864 1091 3057 1155 Bruto
3116 1095 3181 1155 et
3224 1076 3543 1154 Collatino
3605 1087 3889 1161 ordinem
3932 1089 4001 1153 in
4045 1095 4365 1172 posterum

957 1198 1076 1259 114
1115 1214 1318 1277 usque
1386 1194 1471 1258 ad
1528 1195 1803 1258 Pansam
1871 1201 1936 1258 et
1994 1194 2290 1277 Sergium
2358 1201 2777 1260 servaverunt
2841 1214 2957 1278 per
3014 1214 3166 1257 ann.
3232 1200 3660 1277 praenotatos.
3755 1204 3821 1257 et
3874 1192 4028 1275 quia
4086 1191 4365 1256 omnium

1114 1299 1445 1363 consulum
1513 1297 1768 1362 nomina
1834 1304 2136 1383 actosque
2203 1298 2601 1362 conscribere
2668 1302 2733 1361 et
2800 1297 2957 1361 mihi
3014 1295 3256 1361 tedium
3317 1302 3383 1360 et
3441 1295 3592 1375 tibi,
3666 1296 3776 1378 qui
3834 1293 4035 1377 legis,
4109 1294 4368 1359 fastidio

1113 1400 1249 1465 fore
1309 1400 1644 1483 praecavi,
1712 1400 1932 1482 aliqua
1974 1400 2210 1478 exinde
2255 1400 2625 1484 praelibans
2669 1400 2873 1464 multa
2927 1398 3294 1484 supersedi,
3359 1398 3529 1480 quod
3575 1417 3739 1482 pene
3784 1420 3825 1463 a
3870 1397 4196 1462 nonnullis
4238 1397 4368 1461 iam

1048 1522 1073 1563 o
1115 1508 1489 1587 usurpatum
1535 1522 1681 1568 esse
1726 1504 2214 1585 breviatumque
2260 1521 2421 1587 opus
2468 1503 2762 1585 cognovi.

952 1609 1067 1669 115
1282 1606 1486 1689 Igitur
1529 1605 1718 1692 primi
1764 1607 2090 1670 consolum
2137 1606 2374 1670 Brutus
2419 1611 2485 1670 et
2528 1604 2921 1687 Collatinus,
2983 1604 3215 1686 quibus
3259 1604 3567 1669 ultionem
3614 1604 3710 1667 sui
3758 1602 4034 1667 moriens
4078 1608 4370 1667 matrona
4396 1621 4561 1662 morus
4595 1623 4625 1667 ι.
4654 1624 4727 1665 an

1118 1713 1569 1791 mandaverat,
1631 1710 1909 1795 populus
1955 1711 2279 1773 Romanus
2335 1708 2420 1772 ad
2469 1707 2925 1773 vindicandum
2971 1707 3289 1772 libertatis
3333 1728 3411 1772 ac
3453 1705 3803 1791 pudicitiae
3849 1706 4047 1772 decus
4091 1704 4366 1787 quodam

1118 1816 1304 1900 quasi
1360 1815 1664 1879 instinctu
1710 1813 1972 1878 deorum
2018 1812 2371 1878 concitatus
2419 1831 2637 1895 regem
2682 1814 2944 1896 repente
2994 1810 3313 1892 destituit,
3377 1811 3547 1875 bona
3592 1810 3844 1894 diripit,
3908 1830 4133 1892 agrum
4179 1808 4367 1873 Marti

1119 1939 1235 1986 suo
1293 1923 1660 1999 consecrat,
1723 1916 2063 2000 imperium
2119 1916 2187 1979 in
2232 1914 2496 1980 eosdem
2544 1915 2859 1980 libertatis
2905 1932 3062 1980 suae
3107 1914 3395 1979 vindices
3437 1912 3772 1991 transfert,
3840 1918 4079 1977 mutato
4123 1919 4360 1993 tamen,

967 2030 1083 2089 116
1122 2029 1191 2087 ut
1235 2021 1535 2101 diximus,
1588 2026 1652 2083 et
1693 2019 1831 2083 iure
1878 2024 1943 2082 et
1985 2018 2261 2082 nomine.
2358 2018 2597 2101 quippe
2643 2036 2723 2082 ex
2768 2025 3075 2101 perpetuo
3121 2037 3405 2082 annuum
3451 2016 3711 2101 placuit,
3766 2035 3848 2081 ex
3886 2014 4198 2097 singulari
4243 2014 4366 2080 du-
4392 2046 4431 2075 ο.
4462 2034 4489 2076 2

1022 2148 1079 2189 ιε»
1118 2125 1302 2210 plex,
1354 2144 1434 2188 ne
1479 2128 1763 2206 potestas
1808 2121 2154 2185 solitudine
2200 2121 2306 2185 vel
2350 2140 2529 2185 mora
2572 2126 3114 2204 corrumperetur,
3167 2122 3590 2202 consulesque
3636 2119 3996 2203 appellavit
4036 2138 4151 2202 pro
4195 2117 4369 2200 regi-

1117 2230 1260 2308 bus,
1313 2235 1382 2292 ut
1424 2227 1759 2292 consulere
1804 2223 2053 2288 civibus
2096 2224 2232 2288 suis
2275 2222 2513 2288 debere
2557 2224 2998 2289 meminissent
3038 2230 3412 2306 tantumque
3458 2223 3777 2289 libertatis
3819 2241 4025 2286 novae
4056 2221 4364 2304 gaudium
4392 2254 4431 2281 ο.
4463 2243 4489 2283 3

1115 2336 1604 2411 intercesserat,
1669 2333 1739 2392 ut
1793 2327 1903 2391 vix
1948 2326 2173 2391 mutati
2219 2332 2424 2390 status
2466 2325 2662 2391 fidem
2707 2333 3007 2410 caperent
3049 2328 3448 2409 alterumque
3493 2347 3573 2391 ex
3619 2325 3988 2392 consulibus
4032 2326 4366 2390 Lucretiae

1122 2436 1417 2501 maritum
1480 2439 1728 2498 tantum
1795 2430 1877 2494 ob
1942 2449 2173 2493 nomen
2240 2436 2304 2493 et
2368 2446 2575 2511 genus
2641 2430 2887 2512 regium
2946 2430 3231 2495 fascibus
3289 2428 3614 2512 abrogatis
3670 2430 3890 2494 urbem
3948 2428 4361 2494 dimitterent.

966 2546 1081 2605 117
1117 2541 1338 2620 itaque
1406 2536 1785 2600 substitutus
1846 2533 2103 2599 Oratius
2164 2532 2499 2597 Publicola
2566 2551 2811 2596 summo
2866 2533 3078 2597 studio
3138 2534 3402 2596 annisus
3457 2540 3555 2597 est
3610 2531 3697 2596 ad
3751 2531 4117 2614 augendam
4180 2531 4364 2596 liberi
4393 2563 4433 2590 ο.
4465 2552 4488 2592 ⁴

1021 2661 1081 2703 πο
1119 2639 1342 2725 populi
1401 2637 1829 2702 maiestatem.
1920 2655 2068 2701 nam
2131 2640 2196 2699 et
2251 2634 2464 2698 fasces
2521 2635 2583 2699 ei
2638 2654 2750 2718 pro
2796 2636 3082 2700 contione
3128 2636 3445 2700 summisit
3490 2642 3554 2700 et
3593 2636 3697 2700 ius
3740 2634 4206 2719 provocationis
4250 2634 4368 2700 ad-

1122 2760 1347 2809 versus
1390 2740 1565 2825 ipsos
1612 2739 1793 2805 dedit
1836 2745 1900 2804 et
1942 2758 2022 2803 ne
2068 2738 2319 2822 species
2363 2736 2531 2801 arcis
2575 2737 2959 2819 offenderet,
3026 2739 3379 2804 eminentes
3423 2738 3622 2803 aedes
3667 2756 3820 2802 suas
3861 2737 3930 2807 in
3972 2737 4171 2821 plana
4214 2738 4369 2802 sub-

964 2850 1082 2912 118
1119 2848 1311 2913 misit.
1396 2846 1628 2910 Brutus
1674 2862 1823 2907 vero
1867 2840 2074 2906 favori
2116 2841 2348 2906 civium
2396 2839 2588 2905 etiam
2636 2841 2862 2906 domus
2908 2862 3064 2907 suae
3112 2842 3298 2907 clade
3345 2849 3409 2909 et
3451 2841 3795 2926 parricidio
3840 2840 4197 2906 velificatus
4242 2847 4361 2905 est.
4392 2871 4431 2900 e.
4463 2863 4490 2901 5

1117 2951 1360 3035 quippe
1410 2969 1551 3014 cum
1612 2946 1869 3012 studere
1927 2945 2008 3010 de
2060 2944 2438 3009 revocandis
2496 2944 2565 3008 in
2622 2945 2843 3009 urbem
2901 2945 3164 3027 regibus
3224 2945 3460 3010 liberos
3520 2965 3671 3011 suos
3729 2945 4149 3030 conperisset,
4223 2964 4369 3027 pro-

1119 3054 1317 3119 traxit
1357 3052 1424 3117 in
1469 3051 1698 3129 forum,
1753 3056 1818 3114 et
1859 3048 2153 3113 contione
2198 3046 2415 3112 media
2458 3047 2661 3130 virgis
2705 3047 2940 3113 cecidit
2983 3049 3317 3132 securique
3362 3050 3698 3133 percussit,
3748 3056 3818 3114 ut
3847 3050 4041 3133 plane
4069 3048 4373 3133 publicus,

1019 3176 1081 3219 π
1119 3175 1353 3243 parens
1398 3157 1465 3220 in
1508 3155 1719 3218 locum
1762 3151 2107 3217 liberorum
2153 3150 2496 3215 adobtasse
2543 3151 2665 3216 sibi
2710 3152 3013 3235 populum
3057 3151 3406 3217 videretur.

959 3265 1080 3324 119
1291 3258 1482 3323 Liber
1545 3258 1675 3321 iam
1742 3255 1890 3319 hinc
1954 3254 2228 3337 populus
2285 3254 2612 3318 Romanus
2677 3254 2888 3337 prima
2953 3252 3266 3319 adversus
3333 3261 3584 3319 exteros
3650 3273 3828 3318 arma
3894 3274 4006 3338 pro
4071 3255 4365 3320 libertate
4394 3285 4432 3315 ο.
4464 3275 4493 3315 s

1117 3361 1452 3445 corripuit,
1516 3379 1665 3425 mox
1709 3377 1823 3444 pro
1865 3357 2135 3437 finibus,
2204 3356 2439 3422 deinde
2500 3376 2615 3441 pro
2673 3357 2896 3440 sociis,
2960 3364 3092 3424 tum
3153 3358 3361 3441 gloria
3419 3364 3486 3423 et
3534 3358 3836 3442 imperio,
3900 3358 4367 3423 lacessentibus

1116 3465 1391 3531 adsidue
1451 3482 1653 3546 usque
1707 3482 1961 3544 quaque
2020 3460 2336 3525 finitimis:
2407 3461 2645 3545 quippe
2704 3482 2847 3526 cum
2907 3462 3096 3545 patrii
3155 3461 3276 3527 soli
3337 3462 3519 3546 gliba
3575 3462 3755 3527 nulla
3813 3463 3924 3543 sit,
3993 3462 4108 3528 sed
4151 3463 4365 3528 statim
4392 3493 4431 3522 e.
4464 3483 4490 3522 -ι

1116 3569 1349 3634 hostile
1415 3567 1770 3652 pomerium
1838 3565 2218 3652 mediusque
2272 3564 2441 3629 inter
2499 3564 2753 3630 Latium
2821 3564 3033 3649 adque
3102 3566 3404 3631 Etruscos
3467 3565 3653 3649 quasi
3717 3567 3785 3630 in
3850 3566 4125 3649 quodam
4192 3566 4366 3631 bivio

1020 3693 1078 3736 so
1118 3673 1484 3738 conlocatus
1540 3668 1833 3734 omnibus
1890 3666 2089 3750 portis
2148 3667 2214 3730 in
2270 3667 2522 3731 hostem
2579 3667 2960 3749 incurreret,
3036 3669 3239 3734 donec
3305 3669 3492 3751 quasi
3556 3669 3852 3752 contagio
3919 3669 4194 3752 quodam
4251 3690 4365 3753 per
4391 3698 4429 3727 ο.
4462 3690 4489 3731 s

1120 3776 1408 3857 singulos
1464 3773 1623 3837 itum
1683 3777 1783 3836 est
1838 3777 1903 3835 et
1957 3769 2264 3854 proximis
2322 3770 2681 3853 quibusque
2739 3772 3045 3855 correptis
3102 3779 3299 3837 totam
3345 3772 3601 3836 Italiam
3660 3772 3778 3836 sub
3838 3790 3907 3836 se
3968 3772 4357 3854 redigerunt.

960 3883 1081 3944 120
1117 3899 1266 3942 nam
1322 3877 1650 3942 Porsenna
1713 3894 1826 3938 rex
1882 3873 2293 3937 Etruscorum
2358 3873 2729 3956 ingentibus
2795 3875 2998 3958 copiis
3064 3875 3291 3939 aderat
3354 3882 3418 3939 et
3477 3875 3863 3958 Tarquinios
3922 3895 4114 3939 manu
4174 3873 4578 3941 redu-¹.1o.=

1121 3981 1325 4046 cebat.
1422 3979 1592 4044 hunc
1649 3985 1866 4042 tamen
1924 3977 2217 4059 quamvis
2274 3983 2339 4042 et
2379 3976 2577 4042 armis
2621 3983 2685 4041 et
2730 3977 2899 4042 fame
2944 3985 3247 4061 urgueret
3290 3985 3724 4062 occupatoque
3770 3978 4055 4044 Ianiculo
4096 3977 4163 4042 in
4205 3978 4363 4063 ipsis
4393 4008 4432 4036 e.
4464 3995 4493 4038 ²
4554 3977 4559 3980 ’

1286 4274 1407 4323 ΗΡ
1436 4272 1535 4322 Vs
1556 4273 1601 4321 L
1638 4272 1902 4332 Freculfus
1937 4277 1987 4336 1,
2029 4278 2077 4336 4,
2120 4276 2152 4322 2
2204 4273 2288 4335 (10
2325 4274 2478 4335 primi
2522 4297 2593 4308 —
2646 4271 2708 4321 16
2746 4275 3124 4336 meminissent3
3182 4274 3247 4323 24
3296 4290 3326 4322 α
3368 4276 3631 4335 securique
3666 4273 3961 4336 quibusdam
3994 4275 4240 4336 mutatis).
4298 4301 4367 4312 -

1115 4361 1247 4410 Mur.
1281 4375 1335 4422 p.
1366 4360 1497 4408 297⁰
1529 4377 1580 4412 v.
1614 4359 1673 4409 10
1708 4361 1887 4418 Igitur.

1290 4499 1312 4546 1
1354 4511 1471 4557 erga
1507 4511 1560 4544 se
1596 4511 1652 4544 ac
1695 4497 1806 4555 (om.
1836 4497 1937 4557 eos)
1979 4499 2034 4544 tn
2063 4498 2215 4544 litum
2240 4483 2310 4545 Ι)
2518 4501 2749 4544 aucturos
2773 4497 2920 4544 HPV
3124 4500 3210 4559 qui
3246 4494 3387 4564 ordo]
3423 4511 3520 4558 quo
3554 4497 3727 4545 ordine
3762 4497 3821 4557 L,
3865 4498 3951 4557 qui
3986 4496 4175 4544 orda*
4220 4497 4304 4557 (m.
4336 4498 4368 4544 2

1111 4583 1243 4644 ordo)
1296 4584 1335 4629 V
1562 4581 1592 4630 2
1631 4582 1683 4630 in
1721 4595 1876 4629 annos
1921 4581 2004 4629 VL
2236 4582 2265 4630 3
2303 4575 2454 4643 plebs‘
2482 4583 2527 4629 L
2756 4580 3034 4648 iudicibus]
3070 4584 3281 4631 ducibus
3318 4584 3361 4632 L
3588 4581 3619 4630 6
3657 4579 3899 4648 sergium]
3934 4583 4159 4630 Hirtium
4197 4581 4366 4643 Rufus

1113 4669 1140 4717 “1
1179 4664 1433 4734 actosque]
1469 4666 1660 4728 HPVS,
1704 4673 1943 4728 actusque
1967 4668 2011 4714 L
2218 4669 2479 4716 fastidium
2505 4668 2589 4715 SL
2797 4668 2827 4718 8
2865 4671 3130 4729 praecebui
3165 4669 3276 4716 libri
3495 4668 3547 4718 ll
3589 4665 3669 4735 ac]
3707 4683 3764 4715 ae
3792 4668 3836 4713 P
4046 4667 4106 4717 12
4144 4670 4292 4715 matri
4318 4668 4370 4714 H

1115 4754 1176 4804 13
1215 4759 1474 4813 consegrat
1512 4755 1557 4801 P
1801 4753 1861 4802 15
1900 4767 2056 4801 morra
2091 4754 2130 4802 S
2351 4753 2440 4814 ‚16
2477 4750 2763 4820 consulere]
2805 4755 2918 4802 libri
2954 4761 2999 4803 et
3038 4756 3214 4803 Florus
3245 4755 3481 4816 (Bumb.),
3534 4755 3789 4803 consulere
3828 4770 3881 4802 se
3921 4754 4097 4803 Florus
4130 4755 4294 4816 (Nax.)

1111 4838 1232 4908 que]
1269 4843 1357 4902 qui
1385 4841 1422 4888 S
1632 4838 1692 4887 17
1733 4841 2004 4887 incesserat
2025 4840 2216 4888 florus
2429 4838 2491 4888 18
2528 4837 2725 4907 urbem]
2761 4841 2874 4888 libri
2899 4846 2943 4889 et
2971 4843 3105 4890 Flon'
3130 4847 3171 4888 et
3200 4841 3335 4889 lov-d.
3553 4840 3614 4889 19
3650 4841 3878 4902 pybicola
3904 4841 3946 4889 L
4156 4842 4365 4889 annisus

1112 4925 1210 4993 est]
1246 4930 1364 4975 anni
1404 4931 1526 4974 sunt
1560 4931 1639 4972 est
1675 4925 1728 4971 H
1930 4920 2102 4991 liberi]
2142 4927 2332 4987 Home,
2376 4927 2549 4975 liberis
2588 4926 2700 4974 libra·
2933 4926 2996 4975 20
3035 4924 3106 4993 ei]
3141 4933 3196 4976 et
3230 4928 3268 4976 S
3475 4927 3762 4974 conditione
3798 4929 3836 4975 S
3949 4935 3956 4947 ⁶
4044 4923 4148 4992 ius]
4182 4930 4292 4974 eius
4331 4926 4368 4973 S
4460 4951 4465 4952 ⁷

1112 5012 1168 5061 21
1216 5014 1382 5074 specie
1408 5012 1581 5059 Florus
1772 5014 1893 5058 artis
1918 5012 1978 5070 L,
2022 5013 2119 5059 arci
2146 5011 2184 5058 S
2372 5012 2662 5060 ostenderet
2686 5012 2730 5059 L
2921 5015 3165 5060 eminenti
3197 5014 3479 5072 (teminenti
3504 5013 3560 5074 P)
3593 5013 3738 5059 sedes
3762 5012 3874 5059 libri
4082 5011 4147 5060 22
4184 5009 4368 5076 fauori]

1112 5099 1309 5158 Florus,
1350 5097 1537 5144 fauoris
1565 5096 1677 5143 libri
1885 5097 1950 5146 23
1989 5112 2100 5145 cum
2128 5098 2358 5144 studeret
2385 5096 2443 5158 L,
2488 5099 2786 5146 constudere
2811 5098 2868 5158 P,
2912 5100 3181 5146 custudere
3209 5098 3245 5144 S
3440 5099 3500 5145 de
3537 5112 3635 5146 om.
3664 5098 3840 5144 Ftoms
4030 5099 4250 5159 protaxit
4273 5098 4370 5145 ΗΡ

1112 5182 1176 5231 24
1215 5179 1500 5248 securique]
1527 5183 1816 5243 securiqeae
1841 5183 1892 5244 S,
1926 5183 2088 5230 securi
2113 5183 2188 5229 vel
2215 5189 2268 5229 et
2292 5185 2455 5230 securi
2483 5183 2619 5230 Flora?
2645 5183 2758 5232 libri
2932 5183 2994 5232 27
3036 5180 3206 5248 sociis]
3232 5197 3375 5232 socus
3403 5182 3476 5231 L‘
3650 5190 3772 5230 tunc
3800 5183 3841 5229 L
4002 5185 4366 5231 lacescentibus

1112 5268 1305 5330 HPVS,
1336 5270 1727 5317 lascessentibus
1754 5267 1794 5314 L
1981 5267 2046 5317 28
2085 5271 2218 5328 gliba
2243 5269 2382 5316 nulia
2408 5269 2445 5318 S
2630 5268 2689 5317 31
2733 5272 2806 5318 itu
2837 5270 2895 5330 P,
2926 5272 3079 5319 situm
3111 5270 3151 5317 L
3332 5269 3396 5318 32
3434 5275 3714 5318 etrucorum
3742 5269 3780 5316 S
3950 5272 4231 5332 tarquinius
4256 5270 4367 5318 libet·

1145 5427 1246 5432 *-
1311 5428 1380 5432 ᾖ
1401 5426 1568 5432 *k—
3704 5423 3712 5431 .
3896 5429 3935 5435 ,-

1288 5527 1331 5587 1)
1376 5526 1617 5575 Consules
1671 5527 1874 5574 fuerant
1925 5542 1953 5573 s
2006 5526 2157 5574 Bruto
2213 5532 2262 5574 et
2317 5527 2568 5574 Publicola
2620 5529 2676 5575 in
2730 5528 2941 5576 Pansam
2995 5534 3046 5575 et
3099 5529 3323 5576 Hirtium
3378 5543 3584 5578 numero
3628 5542 3881 5577 nccccxvr
3922 5566 3931 5577 .
3970 5567 3981 5578 .
4012 5565 4025 5578 .
4067 5545 4158 5593 per
4212 5544 4365 5580 annos

1110 5627 1411 5661 ccccnxvu:
1457 5626 1630 5660 novem
1657 5613 1791 5660 enim
1818 5615 1964 5660 annis
1992 5613 2173 5662 Romae
2199 5615 2428 5662 consules
2454 5614 2729 5662 defuerunt
2753 5616 2850 5661 ita:
2893 5616 2985 5662 sub
3010 5615 3305 5662 decemviris
3332 5617 3478 5663 annis
3503 5616 3715 5674 duobus,
3758 5616 3851 5662 sub
3877 5616 4094 5663 tribunis
4132 5617 4367 5664 militari·

1110 5700 1204 5746 bus
1229 5700 1375 5746 annis
1399 5699 1576 5759 tribus,
1619 5699 1729 5744 sine
1755 5700 2124 5756 magistratibus
2151 5700 2300 5746 Roma
2325 5701 2424 5747 ruit
2450 5701 2596 5748 annis
2621 5705 2856 5762 quattuor
2891 5700 3085 5758 Rufus.-
3126 5704 3179 5748 ἰπ
3214 5701 3387 5762 quibus
3424 5701 3667 5761 quaedam
3696 5700 3932 5749 Iordanes
3967 5703 4095 5749 male
4131 5705 4360 5757 mutavit.

1287 5782 1334 5847 2)
1378 5783 1616 5831 Romulus
1653 5785 1878 5846 regnavit
1913 5798 2068 5836 annos
2103 5797 2316 5834 xxxvn:
2362 5791 2611 5834 senatores
2649 5800 2738 5850 per
2772 5787 2951 5850 quinos
2989 5786 3095 5835 dies
3132 5801 3320 5837 annum
3358 5801 3516 5837 unum
3554 5786 3739 5850 Rufus.
