4882 6775
407 1624 463 1663 to

406 2140 464 2179 15

397 2653 460 2694 20

1977 491 2275 550 GETICA.
3272 524 3274 527 v
3675 499 3749 562 81

502 677 671 743 dicto
715 688 1025 761 regnante
1073 681 1412 761 Romanis,
1479 682 1588 765 qui
1651 683 1825 748 solus
1870 691 2017 750 ante
2065 684 2553 750 Constantinum
2601 684 3004 751 Christianus
3049 706 3192 750 cum
3240 685 3536 769 Philippo
3580 685 3755 751 idem
3800 686 3955 750 XVI

501 779 631 845 filio
678 779 817 860 fuit,
874 782 1052 848 cuius
1099 792 1162 848 et
1207 784 1487 850 seeundo
1532 805 1699 851 anno
1746 787 1928 870 regni
1974 788 2174 852 Roma
2218 787 2630 852 millesimum
2677 808 2913 852 annum
2963 788 3355 873 explevitlj,
3411 788 3636 871 Gothi,
3688 795 3758 854 ut

502 882 781 963 adsolet,
854 886 1177 951 subtracta
1237 887 1362 952 sibi
1420 887 1743 970 stipendia
1802 908 1922 953 sua
1981 909 2177 973 aegre
2239 889 2553 971 ferenteS,
2623 891 2704 956 de
2763 890 2990 955 amicis
3036 890 3250 956 effecti
3295 897 3444 955 sunt
3485 890 3751 956 inimici.

504 1006 651 1050 nam
697 987 990 1068 quamvis
1036 989 1258 1053 remoti
1304 991 1423 1055 sub
1469 991 1729 1072 regibus
1773 991 2066 1057 viverent
2110 992 2244 1057 suis
2266 1045 2280 1074 ,
2334 992 2428 1058 rei
2470 992 2769 1076 publicae
2816 1000 3030 1058 tamen
3075 995 3401 1058 Romanae
3445 991 3760 1058 foederati

503 1097 684 1154 erant
729 1096 794 1155 et
838 1110 1052 1156 annua
1096 1112 1360 1157 munera
1404 1092 1867 1177 percipiebant.
1939 1095 2095 1177 quid
2139 1096 2385 1161 multa?
2441 1097 2762 1162 transiens
2805 1103 2957 1161 tuno
3000 1095 3387 1179 Ostrogotha
3431 1114 3573 1161 cum
3620 1095 3754 1160 suis
3800 1098 3883 1160 90

503 1191 799 1257 Danubio
843 1194 1151 1259 Moesiam
1200 1195 1639 1277 Thraciasque
1685 1198 1986 1263 vastavit.
2080 1199 2166 1263 ad
2209 1219 2401 1281 quem
2448 1199 2891 1264 rebellandum
2936 1198 3176 1264 Decius
3222 1204 3479 1263 senator
3521 1218 3562 1262 a
3606 1197 3761 1261 Phi-

503 1294 677 1380 lippo
724 1294 1042 1378 dirigitur.
1136 1297 1246 1380 qui
1304 1298 1570 1364 veniens
1630 1299 1782 1364 dum
1830 1299 2012 1366 Getis
2071 1301 2231 1365 nihil
2293 1301 2657 1387 praevalet,
2724 1300 2961 1367 milites
3005 1300 3293 1386 proprios
3338 1308 3670 1385 exemptos
3714 1321 3755 1365 a

501 1396 733 1462 militia
791 1397 944 1464 fecit
997 1399 1170 1465 vitae
1228 1400 1519 1485 privatae
1579 1402 1767 1485 degi,
1835 1404 2022 1484 quasi
2082 1424 2302 1468 eorum
2346 1404 2645 1487 neglectu
2692 1404 2885 1469 Gothi
2931 1402 3301 1468 Danubium
3345 1402 3759 1468 transfretas-

503 1507 665 1581 sent,
718 1500 1011 1584 factaque
1059 1510 1128 1568 ut
1173 1511 1329 1587 puta
1373 1504 1441 1569 in
1486 1503 1622 1570 suis
1667 1505 1954 1571 vindicta
1999 1506 2084 1570 ad
2129 1506 2499 1591 Philippum
2546 1507 2907 1572 revertitur.
2986 1506 3223 1571 milites
3267 1525 3418 1571 vero
3462 1504 3756 1570 videntes

505 1622 573 1667 se
618 1611 763 1687 post
805 1610 898 1670 tot
943 1605 1195 1671 labores
1241 1605 1472 1672 militia
1516 1607 1776 1692 pulsos,
1841 1608 2161 1692 indignati
2220 1608 2304 1674 ad
2350 1609 2778 1692 Ostrogothae
2824 1610 2996 1693 regis
3044 1609 3392 1675 Gothorum
3440 1608 3754 1673 auxilium

503 1706 943 1788 confugerunt.
1038 1708 1149 1791 qui
1208 1709 1539 1795 excipiens
1599 1730 1710 1777 eos
1754 1731 2098 1794 eorumque
2145 1711 2362 1776 verbis
2406 1731 2717 1777 accensus
2764 1732 2911 1777 mox
2956 1713 3226 1777 tricenta
3269 1712 3450 1777 milia
3494 1730 3751 1776 suorum
3798 1714 3873 1776 91

501 1814 748 1873 armata
806 1809 1105 1894 produxit
1162 1811 1247 1877 ad
1291 1813 1531 1878 bellum
1578 1812 1886 1879 adhibitis
1931 1813 2052 1879 sibi
2099 1814 2375 1880 Taifalis
2419 1821 2486 1880 et
2528 1815 2850 1897 Astringis
2894 1815 3253 1895 nonnullis,
3317 1813 3435 1879 sed
3490 1820 3555 1878 et
3598 1813 3758 1879 Car-

502 1931 723 1996 porum
769 1919 908 1979 trea
953 1913 1152 1995 milia,
1206 1935 1412 1999 genus
1459 1916 1784 1981 hominum
1829 1917 1915 1982 ad
1960 1916 2134 1982 bella
2179 1918 2369 1982 nimis
2415 1917 2808 2002 expeditum,
2862 1917 2972 1999 qui
3009 1936 3206 2001 saepe
3237 1917 3417 1983 fuere
3449 1916 3754 1982 Romanis

502 2014 751 2092 infesti3
805 2035 964 2098 quos
1009 2024 1226 2083 tamen
1269 2025 1413 2103 post
1455 2019 1618 2085 haee
1659 2019 2017 2105 imperante
2061 2020 2451 2086 Dioclitiano
2500 2025 2565 2085 et
2607 2019 2996 2085 Maximiano
3029 2018 3330 2084 Galerius
3367 2020 3755 2084 Maximinus

505 2117 747 2183 Caesar
790 2117 1029 2184 devicit
1073 2126 1138 2185 et
1181 2121 1273 2186 rei
1319 2120 1615 2206 publicae
1662 2124 1992 2189 Romanae
2037 2123 2295 2206 subegit
2308 2126 2381 2206 2).
2473 2123 2574 2187 his
2605 2142 2758 2206 ergo
2790 2122 3038 2188 addens
3070 2122 3316 2188 Gothos
3347 2128 3412 2188 et
3441 2122 3755 2209 Peucinos

501 2219 584 2284 ab
627 2219 844 2285 insula
887 2221 1139 2305 PeuciS,
1191 2244 1357 2306 quae
1399 2225 1470 2290 in
1514 2226 1680 2291 ostia
1724 2225 2009 2291 Danubii
2053 2227 2252 2292 Ponto
2297 2225 2655 2310 mergentia
2699 2227 2886 2305 iacet,
2937 2226 3321 2309 Argaithum
3368 2231 3432 2291 et
3462 2225 3758 2290 Gunthe-

501 2323 699 2387 ricum
757 2324 1190 2392 nobilissimos
1249 2347 1405 2393 suae
1464 2329 1676 2412 gentis
1736 2329 2025 2394 doctores
2086 2328 2415 2413 praefecit.
2512 2331 2622 2411 qui
2680 2349 2827 2394 mox
2872 2329 3240 2393 Danubium
3299 2328 3519 2393 vadati
3564 2335 3629 2393 et
3672 2329 3753 2393 de
3799 2331 3880 2393 92

501 2425 781 2491 secundo
812 2427 1123 2494 Moesiam
1169 2430 1479 2515 populati,
1532 2430 2053 2516 Marcianopolim
2103 2431 2393 2497 eiusdem
2438 2432 2687 2516 patriae
2727 2431 2951 2496 urbem
2995 2431 3311 2497 famosam
3358 2429 3755 2514 metropolim

499 2528 994 2612 adgrediuntur,
1062 2530 1299 2615 diuque
1360 2533 1690 2598 obsessam
1750 2541 2016 2619 accepta
2070 2534 2345 2618 pecunia
2402 2535 2485 2599 ab
2546 2533 2651 2598 his
2709 2535 2818 2616 qui
2875 2534 3127 2599 inerant
3182 2533 3596 2617 reliquerunt.
3692 2540 3757 2598 et
3800 2537 3881 2599 93

501 2631 652 2713 quia
694 2633 1220 2719 Marcianopolim
1280 2636 1781 2719 nominavimus,
1849 2637 2006 2702 libet
2068 2637 2292 2719 aliqua
2346 2637 2427 2703 de
2490 2637 2629 2703 eius
2687 2637 2813 2702 situ
2872 2637 3151 2702 breviter
3192 2637 3512 2702 intimare.
3604 2656 3755 2700 nam

501 2733 666 2800 hanc
711 2737 933 2802 urbem
965 2737 1283 2803 Traianus
1327 2737 1672 2823 imperator
1715 2739 1836 2804 hac
1881 2760 1970 2813 re,
2025 2748 2094 2805 ut
2138 2739 2359 2821 fertur,
2411 2739 2799 2819 aedificavit,
2855 2760 2931 2805 eo
2977 2739 3147 2822 quod
3192 2740 3470 2804 Marciae
3518 2739 3754 2803 sororis

674 3048 1412 3113 HPVLAOBxffa.

679 3204 695 3251 1
743 3207 1060 3253 constantino
1090 3206 1131 3253 O
1291 3220 1403 3254 cum
1432 3207 1656 3268 philippo
1689 3208 1781 3269 gfll-
1809 3207 1851 3255 O
1869 3212 2068 3267 semper)
2101 3221 2196 3255 om.
2223 3208 2268 3253 A
2433 3207 2566 3255 idem
2592 3202 2717 3272 tilio]
2743 3207 2948 3263 HPVB,
2979 3208 3029 3254 id
3058 3215 3134 3254 est
3158 3208 3257 3254 filio
3286 3206 3345 3267 O,
3378 3207 3509 3255 idem
3536 3208 3759 3269 philippo

506 3287 563 3349 L,
597 3289 822 3337 eiusdem
850 3291 953 3338 filio
981 3290 1133 3351 ΧΥΖ,
1165 3305 1260 3340 om.
1286 3293 1330 3338 A
1539 3290 1570 3339 2
1608 3298 1659 3340 et
1683 3306 1777 3342 om.
1804 3294 1847 3339 A
2057 3305 2191 3341 roma
2216 3307 2315 3341 om.
2343 3292 2432 3340 OB
2642 3293 3207 3340 millesimummannum
3239 3291 3277 3335 V
3482 3294 3511 3340 3
3550 3294 3760 3340 distr-ata

501 3376 600 3423 sibi
640 3377 885 3437 stipentia
920 3391 1012 3424 sua
1052 3377 1114 3439 O,
1154 3378 1390 3427 distracto
1426 3378 1527 3427 sibi
1564 3378 1818 3440 stipendio
1854 3393 1943 3427 suo
1983 3378 2029 3425 B
2261 3393 2406 3439 aegre
2441 3379 2536 3430 fer.
2576 3391 2671 3427 om.
2717 3377 2857 3427 LOB
3082 3378 3202 3426 tacti
3240 3383 3363 3425 sunt
3399 3377 3506 3438 LR,
3549 3379 3678 3425 fiunt
3715 3379 3758 3426 A

500 3461 534 3509 4
572 3464 774 3510 remotis
798 3464 892 3510 sub
917 3477 1020 3523 reg.
1055 3464 1114 3525 O,
1145 3465 1419 3513 remotibus
1445 3478 1545 3525 reg.
1577 3464 1633 3525 P,
1666 3466 1844 3513 remoti
1868 3466 2066 3525 legibus
2094 3466 2138 3512 A
2348 3465 2566 3526 plublice
2598 3464 2639 3511 O
2831 3477 3030 3513 romone
3058 3464 3115 3525 O,
3152 3477 3250 3514 om.
3282 3465 3327 3510 A
3535 3464 3566 3513 5
3602 3470 3762 3512 ostra-

501 3548 651 3608 gotha
691 3547 763 3596 0⁶
972 3549 1003 3598 6
1042 3546 1282 3616 danubio]
1319 3550 1476 3612 HPV,
1519 3550 1798 3598 danubium
1833 3550 2118 3599 LAOBXY
2324 3551 2535 3599 moesias
2572 3551 2871 3612 tratiamque
2904 3550 2963 3612 O,
3006 3551 3242 3598 moesiam
3282 3549 3622 3610 thraciamque
3647 3549 3691 3596 B

503 3632 870 3702 rebellandum]
906 3634 1247 3698 HPVLXYZ,
1290 3637 1635 3698 repellendum
1676 3636 1782 3697 OB,
1823 3636 2172 3685 debellandum
2212 3636 2257 3683 A
2470 3635 2497 3683 'a'
2538 3632 2680 3702 dum]
2718 3637 2767 3683 di
2803 3636 2843 3681 V
3045 3631 3199 3701 getis]
3232 3635 3398 3695 gentis
3429 3634 3487 3694 O,
3531 3637 3668 3695 genti
3692 3636 3753 3697 B,

501 3719 668 3780 gothis
696 3722 739 3767 A
938 3722 1073 3770 nihil
1098 3736 1192 3771 om.
1224 3722 1271 3769 X
1281 3723 1363 3769 ΥΖ
1560 3722 1806 3783 praeualit
1834 3723 1876 3770 O
2073 3723 2294 3784 proprias
2323 3720 2394 3769 0⁴¹
2592 3727 2803 3783 exeptos
2833 3722 2875 3769 O
3085 3720 3116 3770 8
3156 3721 3351 3769 malitia
3375 3720 3430 3767 H
3622 3723 3759 3770 uitae

502 3802 750 3872 priuatae]
775 3809 884 3855 uita
905 3809 1100 3867 priuata
1126 3808 1316 3855 ABXY
1520 3809 1698 3869 degere
1726 3807 1820 3855 AB
2030 3809 2313 3869 neglectum
2343 3808 2402 3869 O,
2433 3807 2751 3868 neglegentia
2775 3807 2821 3853 A
3027 3802 3329 3872 danubium]
3354 3807 3396 3855 L
3598 3813 3761 3856 trans·-

502 3889 794 3959 fretassent]
829 3891 1130 3943 transsisent
1170 3894 1229 3952 Ο,
1270 3896 1572 3943 transissent
1608 3894 1651 3941 B
1859 3892 1891 3942 9
1928 3899 1986 3943 ut
2024 3890 2169 3959 puta]
2208 3893 2364 3954 BXY,
2405 3899 2467 3942 ut
2501 3899 2617 3955 pota
2646 3893 2707 3953 O,
2748 3899 2803 3939 ut
2842 3894 3043 3954 putauit
3071 3891 3274 3953 HPVL,
3317 3899 3378 3941 nt
3413 3894 3619 3955 putabat
3645 3895 3690 3940 A

501 3990 617 4025 suos
642 3978 686 4024 A
895 3979 955 4027 ad
983 3979 1107 4041 phil.
1136 3993 1232 4028 om.
1258 3981 1303 4027 A
1511 3981 1746 4028 uidentes
1771 3976 1848 4045 se]
1884 3980 2118 4028 uidentes
2144 3993 2198 4028 se
2222 3993 2332 4028 esse
2362 3979 2455 4027 OB
2668 3978 2730 4027 10
2767 3984 2879 4041 post
2901 3991 2999 4028 om.
3029 3979 3075 4025 A
3273 3974 3370 4044 tot]
3406 3978 3752 4041 HPLAXYZ,

504 4063 611 4111 toth
646 4064 699 4125 V,
744 4063 830 4113 hos
871 4065 961 4113 OB
1188 4067 1497 4126 ostrogothae
1539 4065 1824 4127 (ostrogothi
1867 4065 1924 4128 O)
1969 4066 2102 4125 regis
2137 4078 2236 4116 om.
2268 4067 2315 4113 A
2553 4063 2607 4113 11
2652 4067 2742 4125 qui
2778 4059 2918 4130 exc.]
2953 4078 3165 4126 quorum
3201 4077 3290 4112 rex
3326 4066 3608 4126 suscipiens
3646 4067 3691 4112 A

503 4163 743 4211 erumque
782 4149 826 4197 L
1066 4147 1305 4217 tricenta]
1341 4156 1566 4200 trecenta
1602 4152 1758 4211 PAX,
1800 4151 1884 4200 535
1932 4151 2023 4210 ΥΖ,
2065 4165 2173 4198 ιιι
2216 4151 2305 4199 OB
2539 4146 2767 4216 suorum]
2802 4151 3019 4198 uirorum
3062 4150 3151 4198 OB
3399 4149 3459 4198 12
3497 4147 3760 4217 produxit]

504 4236 705 4299 OBXY,
745 4237 978 4299 producit
1001 4238 1241 4287 HPVLA
1449 4235 1662 4304 bellum]
1698 4238 1821 4300 prm}
1834 4239 1989 4286 elium
2019 4238 2109 4285 OB
2316 4237 2561 4285 adhibetis
2590 4236 2653 4298 O,
2693 4237 2975 4285 adhibiatis
3009 4237 3050 4282 V
3253 4232 3465 4302 taifalis]
3501 4236 3752 4298 HPVLA,

503 4323 699 4385 taiphas
736 4323 795 4386 O,
839 4325 1033 4386 taiphis
1068 4324 1130 4387 B,
1171 4325 1369 4372 tuifalis
1407 4324 1546 4371 XYZ
1753 4320 2014 4390 astringis]
2050 4327 2198 4371 immo
2234 4323 2503 4383 Asdingis:
2545 4338 2593 4370 v.
2630 4338 2685 4383 p.
2712 4325 2798 4382 87,
2834 4326 2889 4370 11
2932 4328 2977 4371 et
3014 4323 3167 4370 Zeuu
3197 4336 3250 4384 p.
3281 4324 3377 4370 0161
3589 4337 3758 4385 carpo-

501 4405 634 4475 rum]
673 4409 927 4471 PVLOB,
967 4423 1226 4472 corporum
1262 4410 1377 4471 HA,
1419 4423 1652 4472 caporum
1692 4409 1786 4456 ΧΥ
2026 4409 2084 4458 13
2123 4415 2227 4457 trea
2263 4405 2424 4475 milia]
2460 4409 2623 4470 HPV,
2661 4410 2758 4456 tria
2795 4423 2860 4457 m.
2902 4407 3152 4468 LOBXY‚
3194 4409 3359 4457 tribus
3397 4410 3608 4458 milibus
3646 4411 3691 4456 A

499 4507 623 4554 gens
654 4495 697 4542 O
869 4496 1012 4546 fuere
1038 4497 1252 4544 romanis
1279 4497 1452 4545 infesti
1482 4495 1677 4555 (infecti
1696 4491 1785 4560 L)]
1809 4507 2032 4543 romanos
2057 4494 2270 4544 infestos
2304 4495 2415 4556 (om.
2439 4495 2597 4556 fuere)
2634 4494 2697 4555 Ο,
2721 4495 2937 4542 romanis
2962 4494 3139 4542 infesti
3164 4500 3286 4543 sunt
3309 4494 3354 4541 B
3551 4493 3611 4542 14
3649 4494 3758 4543 dio—

498 4576 727 4647 clitiano]
765 4581 973 4645 HPVL,
1013 4582 1302 4631 diocliciano
1344 4582 1404 4640 0,
1444 4582 1740 4630 diocletiano
1777 4581 1966 4628 ABXY
2192 4586 2243 4627 et
2279 4582 2581 4628 maximiano
2616 4593 2713 4629 om.
2748 4579 2838 4627 OB
3067 4580 3314 4638 galearius
3347 4580 3389 4626 V
3593 4583 3758 4629 maxi-

500 4663 694 4733 minus]
728 4668 982 4730 HPVXY,
1020 4669 1271 4716 maximus
1311 4667 1512 4728 LAOB,
1554 4667 1621 4729 cf.
1660 4683 1712 4728 p.
1753 4670 1837 4729 86,
1885 4668 1947 4715 15
2161 4665 2221 4714 15
2260 4665 2452 4714 deuicit
2488 4663 2559 4732 et]
2597 4665 2659 4714 de
2695 4666 2908 4714 ciuitate
2951 4665 3040 4712 OB
3248 4679 3477 4714 romanae
3514 4679 3610 4713 om.
3644 4668 3687 4713 A

497 4755 710 4802 subiecit
739 4754 828 4803 OB
1029 4751 1244 4821 addens]
1279 4754 1468 4802 habens
1496 4754 1584 4801 OB
1780 4748 2041 4818 peucinos]
2079 4754 2339 4813 pesicenos
2369 4751 2427 4812 O,
2472 4753 2732 4812 pesinceos
2754 4751 2813 4808 B,
2858 4751 3089 4812 peccinos
3117 4751 3251 4798 ΧΥΖ
3463 4751 3524 4800 16
3560 4750 3758 4819 peucis]

500 4843 670 4901 paucis
700 4840 803 4902 OB,
846 4841 1012 4901 peccis
1041 4841 1173 4888 XYZ
1380 4836 1531 4906 quae]
1566 4840 1655 4901 qui
1686 4837 1774 4887 OB
1983 4840 2038 4886 in
2064 4839 2190 4886 ostio
2217 4837 2312 4884 ΒΧ
2319 4838 2372 4899 Y,
2413 4838 2547 4885 inter
2568 4837 2731 4884 hostia
2757 4837 2801 4883 A
3013 4839 3255 4897 mergenti
3281 4838 3477 4887 adiacet
3509 4839 3667 4898 (·cent
3693 4839 3750 4900 B)

503 4926 610 4986 OB,
652 4927 896 4985 mergenti
929 4928 1062 4975 iacet
1085 4927 1133 4973 Χ
1141 4927 1224 4973 ΥΖ
1432 4926 1677 4986 argaitum
1704 4925 1877 4972 AOB:
1914 4922 1986 4983 cf.
2014 4924 2257 4982 Arguntis
2287 4923 2578 4981 Scytharum
2603 4936 2692 4970 rex
2718 4925 2806 4971 vit.
2837 4919 2991 4972 Gord.
3020 4923 3081 4970 31
3295 4925 3615 4984 guntericum
3646 4924 3763 4978 ΟΥ,-

497 5013 829 5073 gnndericum
864 5014 908 5060 A
1124 5011 1179 5060 17
1220 5013 1442 5060 doctores
1479 5008 1738 5077 praefecit]
1778 5008 1984 5071 HPVL,
2025 5009 2162 5059 duct.
2206 5010 2365 5070 praef.
2397 5009 2553 5068 AXY,
2594 5008 2721 5070 pref.
2765 5008 2896 5056 doct.
2931 5007 2989 5069 O,
3034 5009 3189 5069 praef.
3233 5008 3370 5059 duct.
3398 5009 3444 5056 B
3651 5024 3756 5059 mos

500 5099 739 5147 uadantes
776 5099 893 5147 dan.
934 5099 982 5148 A
1192 5094 1276 5164 de]
1314 5098 1397 5146 die
1435 5097 1499 5158 L,
1538 5111 1635 5145 om.
1664 5096 1851 5145 PAOB
2066 5094 2126 5144 18
2161 5095 2389 5157 populari
2415 5097 2460 5142 A
2668 5094 3068 5155 marcianopelim
3099 5094 3142 5142 O
3355 5094 3417 5143 19
3455 5096 3759 5156 adgrediun-

498 5193 581 5236 tur
618 5189 670 5234 in
706 5187 860 5234 litura
894 5181 964 5233 Α2
1205 5180 1307 5251 his]
1343 5185 1411 5232 iis
1448 5184 1497 5230 Χ
1761 5180 1824 5230 20
1862 5182 2230 5229 nominabimus
2273 5179 2344 5227 0¹¹
2588 5181 2810 5229 breuiter
2845 5192 2942 5228 om.
2986 5180 3032 5226 A
3275 5182 3508 5230 intimare
3545 5195 3642 5231 om.
3686 5182 3754 5229 11²

501 5272 559 5321 21
601 5274 710 5321 aed.
753 5277 809 5321 ut
844 5272 1005 5320 fertur
1044 5270 1137 5318 OB
1343 5271 1524 5318 marcia
1561 5282 1696 5317 soror
1732 5282 1822 5316 sna
1861 5266 1999 5314 ΧΥΖ

3548 5423 3751 5431 —.—

495 5430 650 5437 —-

673 5531 713 5589 1)
761 5531 1095 5591 Hieronymus
1130 5527 1196 5576 ad
1233 5544 1280 5577 a.
1324 5527 1444 5576 Abr.
1487 5529 1654 5588 2262,
1709 5525 1923 5586 Philippi
1959 5523 2258 5573 secundum.-
2311 5524 2638 5583 regnantibus
2676 5524 2928 5586 Philippis
2968 5523 3264 5571 millesimus
3299 5536 3463 5572 annus
3502 5512 3750 5573 Romanae

496 5618 633 5665 urbis
680 5617 918 5678 expletus
963 5620 1059 5664 est.
1137 5629 1287 5675 supra
1334 5617 1388 5661 in
1426 5612 1663 5663 Romanis
1698 5626 1741 5660 c.
1784 5612 1883 5659 ‘283
1926 5613 2133 5670 ponitur
2179 5624 2348 5659 annua
2390 5609 2602 5670 Philippi
2650 5613 2855 5658 tertius:
2904 5624 3014 5659 vere
3052 5610 3219 5658 incidit
3256 5623 3422 5658 annus
3458 5611 3747 5658 millesimus

492 5703 631 5753 urbis
668 5705 720 5750 in
756 5701 976 5762 Philippi
1012 5705 1072 5749 tr.
1110 5704 1213 5761 pot.
1257 5700 1350 5748 IV.

669 5787 715 5848 2)
765 5787 965 5837 Orosius
991 5789 1039 5847 Ζ,
1072 5787 1153 5844 95,
1190 5787 1282 5833 12.-
1322 5798 1410 5848 per
1446 5785 1644 5833 eosdem
1682 5784 1833 5832 duces
1877 5782 2167 5846 (Galerium)
2214 5789 2414 5831 strenue
2452 5782 2689 5829 adversus
2719 5781 2901 5843 Carpos
2930 5782 3293 5843 Bastarnasque
3330 5787 3609 5842 pugnatum
3647 5789 3740 5829 est.

651 5888 893 5928 Ionnaxts.
3277 5883 3328 5931 ιι
