4882 6775
1028 724 1055 764 Ι

748 3157 951 3198 Iordanis
979 3157 1081 3197 sub-

761 3209 880 3250 ditus
908 3210 1082 3260 imperii

884 3260 1080 3303 Orientis

1108 417 1259 483 vm
2500 394 2961 471 Pnoonmvn'.

1106 642 1151 706 l.
1205 644 1283 725 c.)
1341 640 1618 726 pessime
1663 638 2033 724 perturbata
2077 638 2356 703 Vandali
2403 638 2699 704 dicuntur
2742 639 3099 705 concitante
3147 639 3500 706 Stilichone
3556 643 3632 725 (c.
3668 644 3772 723 22,
3816 643 3984 724 115),
4041 640 4158 709 sed
4201 641 4354 706 item

1104 768 1278 827 metu
1326 761 1675 826 Gothorum
1731 761 1804 841 (c.
1860 761 1961 840 31,
2010 760 2145 843 161)
2202 780 2264 823 a.
2317 761 2444 823 406
2491 778 2570 824 ex
2614 759 2945 824 Pannonia
2988 758 3053 823 in
3101 759 3355 825 Gallias
3398 761 3754 841 transiisse,
3805 782 3952 827 mox
3998 783 4058 827 3.
4104 763 4229 824 409
4276 761 4356 826 ob

1106 880 1376 947 eandem
1425 900 1685 946 causam
1727 879 1796 944 in
1826 879 2178 964 Hispanias
2225 898 2367 944 sese
2414 879 2735 964 recepisse
2788 881 2867 960 (c.
2905 882 3009 962 31,
3054 882 3234 960 162);
3291 901 3414 964 (1113
3459 902 3602 946 cum
3642 881 3835 946 Gothi
3879 900 3989 947 eos
4036 881 4358 965 persecuti

1107 1007 1343 1081 333331,
1405 1019 1601 1085 saepe
1648 1000 1850 1066 victos
1906 1000 1977 1082 (c.
2033 1002 2137 1079 31,
2196 1002 2335 1083 163)
2391 1006 2456 1065 31
2499 1000 2565 1065 13
2612 999 3004 1065 Callaeciam
3048 1000 3317 1067 reiectos
3373 1003 3444 1085 (c.
3499 1004 3602 1079 32,
3662 1005 3800 1085 166)
3856 1008 4246 1086 postremum
4291 1000 4359 1064 in

1106 1120 1389 1186 Africam
1435 1120 1674 1186 abiisse
1731 1123 1806 1199 (c.
1843 1123 1948 1201 33,
1991 1120 2130 1202 167)
2186 1139 2303 1184 1133
2349 1119 2476 1184 3131
2518 1106 2983 1186 interveniente
3015 1120 3272 1186 Alarico
3303 1120 3550 1186 Gothos
3594 1120 3935 1206 impeditos
3982 1140 4148 1200 3333,
4202 1141 4363 1202 quo-

1108 1241 1318 1306 minus
1379 1241 1571 1306 etiam
1633 1241 1698 1304 in
1742 1238 2021 1304 Africam
2084 1259 2195 1304 eos
2249 1247 2784 1325 persequerentur
2836 1241 2909 1324 (c.
2964 1244 3064 1321 33,
3126 1242 3296 1323 173).
3392 1240 3725 1306 Gizericus
3784 1240 4017 1306 deinde
4076 1240 4362 1305 conditor

1108 1361 1290 1444 regni
1336 1360 1620 1426 Africani
1683 1381 1825 1426 cum
1887 1360 2121 1426 acerba
2182 1360 2621 1443 obiurgatione
2682 1344 3052 1445 depingitur
3119 1362 3194 1444 (c.
3246 1362 3349 1443 33,
3407 1362 3588 1444 168),
3657 1381 4042 1444 quamquam
4104 1360 4362 1426 additur

1108 1500 1510 1547 successores
1556 1481 1695 1547 eius
1741 1501 1855 1565 per
1898 1481 2131 1545 multos
2176 1500 2378 1545 annos
2422 1500 2691 1563 regnum
2737 1480 3011 1545 feliciter
3054 1479 3444 1566 possedisse.
3522 1500 3640 1545 nec
3688 1500 3885 1546 causa
3929 1481 4106 1547 latet.
4196 1481 4362 1545 inter

1109 1601 1269 1666 duos
1327 1601 1600 1686 populos
1654 1601 1808 1666 licet
1866 1601 2156 1685 proxime
2216 1601 2582 1665 coniunctos
2642 1599 2790 1665 odia
2847 1607 3104 1665 vetusta
3162 1620 3326 1684 quae
3385 1599 3684 1666 videntur
3742 1600 3942 1666 1111333
3965 1604 4069 1682 ¹23,
4142 1619 4221 1665 33
4285 1620 4361 1664 33

1110 1720 1367 1803 quidem
1412 1727 1695 1805 tempore
1742 1721 1932 1806 plane
1979 1721 2186 1806 sopita
2232 1727 2398 1802 31131,
2453 1739 2575 1801 quo
2620 1719 2915 1802 regnavit
2957 1720 3487 1785 Thrasamundus
3531 1720 3746 1785 affinis
3791 1727 3856 1785 31
3899 1720 4145 1785 33113113
4191 1719 4362 1802 regis

1110 1840 1529 1906 Theoderici:
1610 1848 1780 1907 certe
1827 1848 1892 1907 et
1933 1841 2000 1905 in
2046 1840 2316 1906 Ennodii
2367 1839 2755 1925 panegyrico
2780 1842 2845 1919 13)
2901 1839 3153 1904 113311ὶί3
3198 1840 3264 1904 13
3308 1840 3637 1906 Vandalos
3682 1841 3933 1906 animus
3978 1841 4177 1906 multo
4223 1839 4363 1905 evi-

1111 1961 1369 2026 dentius
1413 1968 1683 2046 apparet
1726 1982 1916 2043 quam
1963 1959 2298 2025 affinitatis
2342 1960 2554 2043 gratia
2599 1967 2663 2024 et
2706 1959 2772 2023 in
2815 1958 3019 2043 ipsius
3066 1960 3460 2025 Cassiodorii
3495 1960 3985 2026 Thrasamundo
4031 1961 4177 2024 vivo
4222 1958 4364 2024 edi-

1109 2080 1193 2145 tis
1254 2081 1567 2146 chronicis
1627 2081 1928 2145 brevibus
1981 2081 2132 2146 licet
2176 2088 2240 2146 et
2284 2080 2563 2146 exilibus
2610 2079 2823 2145 nescio
2869 2099 3034 2161 quae
3079 2080 3484 2146 exacerbatio
3530 2081 3878 2165 peculiaris
3919 2080 4088 2146 inest
4131 2079 4363 2145 adver—

1110 2220 1220 2266 sus
1252 2200 1579 2265 Vandalos
1624 2200 1723 2266 bis
1767 2208 2024 2283 testata,
2073 2201 2349 2286 primum
2393 2199 2478 2264 ad
2525 2222 2585 2264 a.
2626 2203 2747 2262 427
2773 2202 2871 2281 ¹⁴),
2924 2199 3033 2264 ubi
3078 2200 3264 2280 quasi
3308 2221 3573 2283 germen
3620 2200 4121 2285 deprehenditur
4164 2200 4366 2265 victo-

1110 2322 1347 2386 riarum
1393 2341 1589 2406 supra
1633 2322 1979 2386 relatarum
2012 2319 2406 2399 ficticiarum,
2465 2319 2696 2384 deinde
2727 2318 2813 2383 ad
2842 2340 2905 2383 a.
2942 2322 3099 2382 491:
3164 2321 3474 2385 ‘Vandali
3522 2340 3679 2405 pace
3727 2321 4102 2406 suppliciter
4145 2328 4366 2405 postu-

1114 2442 1281 2507 ‘lata
1343 2462 1381 2505 a
1443 2441 1702 2507 Siciliae
1763 2441 1951 2505 solita
2012 2439 2515 2524 depraedatione
2573 2440 2926 2505 recedunt'.
3035 2439 3163 2504 iam
3223 2460 3373 2505 vero
3431 2440 3760 2506 historiam
3823 2440 4161 2505 Gothicam
4221 2459 4364 2503 cum

1109 2561 1556 2627 Cassiodorius
1602 2560 1928 2645 scripserit
1972 2559 2278 2645 proximis
2324 2567 2470 2645 post
2514 2560 2752 2624 obitum
2799 2559 3180 2625 Theoderici
3221 2561 3279 2641 [ἢ
3298 2562 3438 2644 526)
3496 2560 3703 2642 33313,
3754 2567 3887 2625 11131
3936 2580 4078 2625 31113
4125 2558 4362 2624 obitum

1107 2680 1582 2746 Thrasamundi
1624 2683 1683 2764 (ἢ
1702 2681 1844 2763 523)
1902 2687 2121 2745 secuta
2168 2686 2341 2746 esset
2385 2679 2618 2745 caedes
2650 2679 3094 2746 Amalafridae
3140 2680 3355 2744 uxoris
3401 2679 3539 2745 eius
3585 2680 3944 2762 sororisque
3983 2678 4367 2745 Theoderici

1110 2807 1176 2867 et
1220 2808 1437 2867 exorta
1484 2800 1803 2866 discordia
1849 2800 2017 2865 inter
2061 2800 2304 2866 Gothos
2351 2807 2414 2865 et
2450 2801 2780 2865 Vandalos
2825 2821 2924 2882 ea,
2978 2820 3143 2884 quae
3188 2800 3518 2882 utriusque
3563 2800 3746 2885 regni
3791 2800 4014 2866 ruinae
4059 2799 4366 2885 primaria

1111 2940 1307 2986 causa
1365 2921 1604 3001 evasit⁷
1671 2941 1797 2985 non
1857 2921 2085 2985 mirum
2145 2927 2243 2985 est
2301 2928 2363 2985 31
2422 2919 2686 3002 antiqua
2747 2919 2896 2984 odia
2955 2927 3018 2984 et
3075 2941 3240 2985 nova
3298 2920 3386 2985 ita
3447 2919 3623 3005 apud
3683 2940 3892 2985 rerum
3947 2919 4366 2985 Gothicarum

1108 3041 1475 3126 scriptorem
1523 3061 1877 3125 erumpere,
1930 3047 2002 3105 ut
2042 3040 2146 3105 vel
2193 3040 2370 3124 apud
2413 3040 2752 3105 Iordanem
2800 3039 3007 3104 ubivis
3054 3040 3637 3125 deprehendantur.

1285 3160 1414 3227 Sed
1459 3167 1529 3225 111
1573 3161 1783 3226 studia
1818 3160 2091 3226 Gothica
2124 3158 2621 3225 Cassiodoriana
2666 3160 2907 3245 passim
2939 3160 3114 3245 apud
3150 3160 3488 3225 Iordanem
3534 3166 3986 3243 agnoscuntur.
4042 3160 4131 3225 ita
4179 3158 4368 3243 spiri-

1109 3290 1212 3347 tus
1257 3281 1465 3366 ipsius
1510 3301 1758 3363 quoque
1806 3279 2130 3365 scriptoris
2174 3280 2326 3344 item
2373 3279 2650 3363 vestigia
2696 3280 2917 3345 libello
2946 3280 3427 3364 impresserunt.
3510 3280 3980 3346 foederatorum
4009 3280 4364 3345 institutum

1113 3404 1222 3468 diu
1268 3402 1523 3488 proprie
1555 3401 1918 3482 Gothicum,
1973 3400 2221 3467 scilicet
2263 3407 2333 3465 ut
2378 3400 2646 3485 imperio
2677 3402 2963 3465 Romano
3008 3401 3249 3466 milites
3294 3402 3375 3466 ab
3423 3422 3502 3466 ea.
3544 3401 3802 3466 natione
3847 3422 3927 3467 ex
3958 3408 4145 3486 pacto
4175 3421 4367 3486 prae-

1112 3530 1433 3589 starentur
1490 3521 1809 3606 stipendio
1867 3521 2033 3586 iusto
2094 3520 2678 3603 1313113313311115),
2744 3520 2802 3586 31
2846 3521 3182 3587 Iordanem
3240 3521 3571 3603 audimus,
3641 3529 3964 3605 tamquam
4024 3522 4215 3586 cardo
4270 3528 4367 3587 est

1109 3665 1320 3709 rerum
1378 3651 1508 3708 tam
1557 3640 1966 3705 Gothicarum
2029 3661 2220 3722 quam
2273 3640 2527 3725 imperii
2572 3640 2874 3706 Orientis.
2968 3641 3038 3705 id
3097 3642 3268 3724 quod
3327 3642 3602 3707 maxime
3648 3642 3859 3707 elucet
3904 3662 3983 3707 ex
4028 3641 4368 3707 vetustatis

1112 3764 1322 3829 colore
1369 3760 1597 3826 ficticio
1643 3780 1767 3841 quo
1812 3761 2179 3826 adornatur.
2274 3781 2422 3824 nam
2485 3760 2836 3826 secundum
2883 3761 3049 3826 hunc
3093 3769 3414 3827 auctorem
3459 3768 3720 3847 propter
3763 3761 4083 3846 stipendia
4131 3781 4254 3825 non
4302 3769 4371 3826 111

1112 3882 1448 3968 oportebat
1503 3880 1731 3945 Gothis
1790 3881 1999 3945 soluta
2055 3887 2118 3945 et
2170 3880 2411 3945 bellum
2471 3880 2778 3945 Dacicum
2825 3879 3174 3946 Domitiani
3237 3881 3479 3946 exarsit
3549 3884 3623 3964 (c.
3681 3887 3777 3962 13,
3835 3886 3928 3966 76ζὶ
4004 3888 4067 3948 31
4125 3882 4367 3946 bellum

1112 4001 1451 4067 Gothicum
1495 4020 1620 4084 quo
1666 4000 1854 4085 periit
1896 4000 2137 4065 Decius
2192 4000 2270 4082 (c.
2314 4003 2409 4080 16,
2453 4001 2582 4082 89ζὶ,
2637 4007 2702 4065 31
2745 4006 3042 4083 3113331113
3088 4008 3187 4066 331
3232 4001 3555 4085 expeditio
3600 4001 3842 4066 Alarici
3898 4003 3974 4085 (c.
4028 4004 4129 4084 29,
4179 4006 4312 4083 146)
4348 4025 4360 4078 ;

1114 4121 1514 4204 similemque
1561 4121 1641 4186 ob
1689 4140 1948 4185 causam
1992 4120 2236 4185 bellum
2282 4139 2536 4201 quoque
2584 4119 2796 4204 coepit
2836 4119 3002 4185 inter
3044 4120 3298 4186 Aetium
3346 4127 3411 4186 et
3456 4121 3854 4205 vesegothas
3909 4124 3982 4206 (c.
4038 4126 4140 4202 34,
4185 4124 4362 4185 176.

1115 4241 1311 4307 Gothi
1369 4241 1434 4305 hi
1487 4239 1799 4306 foederati
1841 4240 2011 4305 intra
2057 4240 2293 4305 limites
2338 4241 2661 4304 Romanos
2706 4239 2947 4323 recepti
2990 4239 3114 4325 ipsi
3162 4248 3310 4306 sunt
3354 4241 3549 4306 Gothi
3593 4241 3898 4307 Moesiam
3947 4248 4011 4308 31
4054 4240 4367 4307 Τ11133133

1112 4361 1479 4426 habitantes
1536 4360 1580 4424 ii
1643 4361 1723 4426 de
1784 4361 2015 4444 quibus
2077 4379 2267 4445 supra
2331 4360 2741 4445 exposuimus
2799 4369 2863 4427 et
2919 4381 3000 4425 ex
3046 4361 3276 4444 quibus
3322 4361 3660 4426 Iordanem
3708 4361 3983 4426 vidimus
4029 4360 4366 4426 oriundum

1291 4692 1369 4754 12)
1414 4692 1490 4741 Cr.
1534 4680 1914 4753 Olympiodorus
1954 4692 2017 4740 11.
2047 4690 2113 4739 29
2145 4691 2195 4750 14
2233 4708 2280 4755 p.
2314 4690 2379 4741 64
2406 4691 2637 4752 Μ3311.);
2682 4687 3041 4744 οἱ(1·3ἀνδα).οι
3077 4689 3193 4748 τοὺς
3225 4688 3448 4748 wem
3475 4688 3518 4742 Τ
3522 4689 3737 4758 ρού).3·);
3772 4688 3986 4743 καλοῦσι
4024 4689 4104 4741 διὰ
4138 4690 4195 4741 τὸ
4233 4687 4371 4758 λιμῷ

1114 4775 1445 4843 πιεζομένους
1496 4772 1679 4833 αὐτοὺς
1726 4773 1942 4843 τροῦλαν
1995 4773 2130 4827 σίτου
2170 4775 2308 4848 παρὰ
2355 4783 2454 4827 τῶν
2495 4771 2803 4830 Οὐανὸάλων
2852 4775 3114 4847 ἀγοράζειν
3165 4775 3275 4834 ἑνὸς
3322 4776 3579 4848 xpus-ivon.
3657 4774 3691 4845 ἡ
3732 4776 3788 4827 δὲ
3824 4774 4010 4844 τροῦλα
4049 4774 4167 4827 οὐδὲ
4202 4773 4367 4843 τρίτον

1115 4859 1289 4923 Hecto-a
1325 4865 1507 4931 χωρεῖ.

1292 4948 1371 5007 13)
1414 4947 1472 5000 C.
1520 4947 1579 4996 13
1617 4963 1667 5010 p.
1709 4948 1808 4997 413
1849 4949 2028 4999 Sirm.:
2076 4949 2231 5011 ‘quid
2267 4950 2531 5012 castigatas
2562 4950 2898 4999 vandalorum
2934 4950 3098 4998 ventis
3135 4951 3428 5012 parentibus
3465 4951 3667 5013 eloquar
3701 4951 4148 5013 depraedationes?
4184 4949 4367 5010 quibus

1119 5035 1238 5097 ‘pro
1274 5046 1443 5080 annua
1478 5034 1718 5095 pensione
1756 5037 1877 5082 satis
1913 5040 1991 5083 est
2025 5036 2243 5083 amicitia
2279 5039 2382 5083 133.
2460 5036 2653 5095 evagari
2689 5035 2819 5083 ultra
2854 5037 3240 5097 possibilitatem
3279 5038 3537 5084 nesciunt:
3579 5037 3705 5085 duce
3743 5038 3989 5099 sapientia
4041 5037 4219 5083 affines
4255 5047 4366 5082 esse

1120 5121 1457 5180 ‘meruerunt,
1500 5119 1622 5180 qnia
1658 5120 1885 5168 oboedire
1923 5135 2021 5169 non
2059 5121 2333 5170 abnuunt'.

1293 5203 1372 5264 14)
1416 5204 1547 5253 Vide
1585 5219 1710 5267 quae
1748 5206 2091 5256 adnotavimus
2127 5208 2186 5255 ad
2224 5223 2267 5258 3.
2310 5206 2394 5267 32,
2440 5207 2555 5258 166.

1293 5289 1374 5352 15)
1418 5290 1474 5340 C.
1510 5289 1590 5350 13,
1621 5289 1704 5340 76.
1750 5290 1829 5351 16,
1863 5290 1946 5340 89.
1992 5292 2071 5353 19,
2105 5292 2219 5343 106.
2263 5292 2347 5354 21,
2382 5292 2479 5342 110
2509 5294 2616 5355 (ubi
2654 5295 2774 5341 haec
2810 5299 2930 5342 sunt
2972 5295 3241 5354 ι3313313)
3276 5293 3392 5343 111.
3427 5293 3540 5342 112.
3584 5292 3663 5355 28,
3701 5293 3816 5345 145.
3857 5292 3940 5353 29,
3975 5291 4086 5341 146.
4130 5293 4211 5350 34,
4249 5292 4365 5342 176.

1116 5375 1178 5423 de
1226 5377 1351 5437 ipsis
1388 5376 1657 5425 foederatis
1693 5377 1960 5426 videantur
1994 5378 2199 5427 Orosius
2240 5378 2295 5439 1,
2340 5378 2431 5436 163
2485 5379 2708 5427 Malchus
2745 5381 2805 5427 ft.
2852 5379 2909 5428 11
2952 5396 3003 5443 p.
3036 5379 3133 5429 119
3171 5380 3378 5432 Muell.:
3435 5378 3518 5429 ἐπὶ
3554 5376 3798 5447 Ζήνωνος
3834 5375 4069 5446 aptasset:
4105 5375 4270 5446 ἦλθον
4308 5376 4368 5429 ἐκ

1118 5451 1330 5530 Θρᾴκης
1366 5468 1466 5513 τῶν
1507 5459 1838 5514 ὑποσπόνδων
1878 5457 2118 5526 Γότθων,
2167 5461 2253 5520 οὓς
2289 5461 2352 5533 δὴ
2391 5462 2480 5516 καὶ
2517 5461 2845 5534 φοιδεράτους
2881 5464 2929 5517 οἱ
2959 5459 3220 5532 Ῥωμαῖοι
3256 5463 3496 5517 καλοῦσιν
3535 5480 3763 5527 quaeque
3798 5465 3905 5513 dixi
3941 5478 4031 5526 ego
4066 5467 4119 5513 in
4155 5466 4369 5513 Hermae

1117 5548 1217 5596 vol.
1248 5547 1278 5596 6
1303 5563 1353 5611 p.
1387 5547 1503 5597 350.
1567 5549 1623 5597 hi
1660 5555 1780 5597 sunt
1819 5549 2108 5598 ‘fortissimi
2145 5548 2361 5613 Moesii',
2404 5564 2613 5613 quorum
2651 5566 2679 5601 e
2715 5555 2874 5615 stirpe
2912 5553 3163 5602 Dorostori
3188 5553 3370 5601 Aetius
3407 5554 3635 5612 genitum
3672 5566 3727 5600 se
3764 5565 3876 5601 esse
3911 5552 4146 5612 gloriatur
4185 5551 4244 5612 (c.
4280 5548 4360 5608 34,

1122 5633 1261 5696 176).
1311 5660 1381 5670 -—
1428 5635 1530 5682 Hos
1576 5637 1938 5684 mercennarios
1982 5638 2124 5698 quasi
2160 5637 2346 5685 intueti
2384 5638 2529 5686 nobis
2565 5638 2819 5700 videmur,
2874 5638 2962 5686 ubi
3001 5637 3480 5699 Constantinopolim
3517 5638 3765 5688 mirantur
3802 5638 3863 5700 (c.
3906 5637 3990 5697 28)
4033 5642 4085 5685 31
4120 5637 4364 5698 diripiunt

1117 5721 1320 5781 quidem
1358 5721 1531 5769 urbem
1570 5721 1770 5769 Romam
1809 5726 1861 5771 et
1896 5723 2011 5784 ipsi,
2054 5722 2143 5771 sed
2178 5736 2278 5771 non
2313 5724 2643 5772 inclementer
2682 5726 2770 5773 ‘nt
2806 5725 3005 5785 gentes‘
3046 5725 3106 5780 (3.
3152 5723 3233 5782 30,
3279 5723 3415 5785 156).
3969 5723 3975 5730 ”
