4882 6775
1972 488 2435 544 PROOEMIVM.
3646 485 3833 550 XXV

581 719 801 800 anyeri
840 714 1003 798 legit
1043 715 1213 779 Iord.
1267 722 1471 794 recte,
1538 735 1774 798 auqure
1820 713 2087 794 Bamb.,
2154 717 2393 796 (11190111
2438 713 2640 793 Naz.,
2705 712 2856 776 item
2902 711 3072 776 Flor.
3132 715 3187 789 1,
3246 714 3343 789 11,
3405 712 3481 771 10
3527 737 3608 764 =
3654 707 3825 772 Iord.

580 857 646 920 p.
690 840 789 917 15,
827 839 900 898 21
943 838 1222 899 Maenius
1267 834 1441 919 apud
1474 834 1813 898 Iordanem
1845 839 1943 898 est
1974 835 2226 911 menius,
2279 834 2344 898 in
2381 833 2606 897 Bamb.
2645 834 2973 912 menenius,
3026 832 3091 896 in
3121 831 3284 895 Naz.
3320 831 3646 892 moenibus.
3714 828 3829 893 sed

580 977 706 1020 non
751 955 984 1021 desunt
1028 974 1274 1020 errores
1318 954 1571 1038 utrique
1602 954 1775 1020 Flori
1819 953 1981 1018 libro
2013 974 2158 1018 011111
2190 952 2460 1019 Iordane
2491 970 2881 1036 communeS,
2933 952 3002 1017 id
3032 958 3132 1017 est
3163 950 3419 1016 saeculo
3451 956 3632 1014 sexto
3662 949 3832 1014 anti-

578 1075 856 1158 quioreS,
908 1081 978 1141 ut
1021 1076 1193 1141 Flor.
1245 1078 1306 1158 2,
1362 1077 1419 1155 2,
1476 1077 1551 1138 31
1604 1104 1688 1129 =
1732 1072 1900 1139 Iord.
1952 1095 2019 1158 p.
2056 1076 2162 1156 2¹,
2200 1078 2279 1137 35
2328 1076 2587 1157 imperia
2627 1076 2894 1157 ycntium
2937 1093 3050 1159 pro
3096 1074 3601 1136 interiacentium.
3637 1108 3724 1117 ——
3753 1070 3830 1133 In

576 1195 901 1261 Florianis
946 1195 1047 1261 his
1092 1194 1505 1261 recensendis
1548 1194 1669 1260 hoc
1713 1194 1923 1276 tenui,
1988 1201 2057 1258 ut
2100 1193 2393 1259 Iordanis
2453 1194 2789 1259 lectionem
2851 1192 3223 1278 simpliciter
3279 1196 3827 1276 repraesentarem

576 1334 785 1398 neque
812 1315 955 1400 ipse
1000 1335 1291 1400 saperem
1335 1315 1504 1381 ultra
1533 1316 1789 1380 Florum
1834 1315 2056 1397 talem,
2107 1315 2364 1396 qualem
2393 1313 2686 1380 Iordanis
2724 1313 2903 1395 legit,
2955 1314 3171 1396 itaque
3202 1312 3594 1396 corruptelas
3625 1309 3685 1375 ei
3718 1316 3831 1374 aut

574 1455 719 1499 cum
751 1441 1017 1517 utroque
1048 1436 1222 1500 Flori
1252 1434 1415 1501 libro
1445 1442 1557 1501 aut
1587 1456 1729 1502 cum
1762 1435 2223 1518 Bambergensi
2256 1436 2391 1500 solo
2421 1453 2789 1500 communes
2818 1434 2883 1498 in
2914 1439 3092 1498 textu
3125 1432 3378 1514 reliqui.
3456 1451 3620 1513 quae
3652 1429 3826 1515 apud

578 1555 838 1620 Florum
883 1556 1186 1639 leguntur
1229 1556 1627 1640 incorrupta,
1696 1563 1990 1640 corrupta
2035 1554 2212 1641 apud
2255 1555 2627 1637 Iordanem,
2692 1555 2785 1620 ita
2828 1554 3136 1635 tractavi,
3201 1559 3271 1618 111
3310 1553 3379 1616 111
3422 1551 3825 1635 gravioribus

576 1682 873 1761 corrupta
919 1675 987 1740 in
1032 1683 1209 1742 textu
1254 1676 1614 1757 retinerem,
1667 1696 1823 1741 vera
1864 1676 1930 1741 in
1976 1676 2384 1742 adnotatione
2428 1696 2850 1761 apponerem,
2904 1674 3173 1740 mendas
3217 1673 3506 1739 tollerem
3552 1671 3826 1737 leviores

578 1815 851 1878 easque,
903 1815 1066 1879 quas
1112 1816 1193 1862 ne
1238 1796 1353 1861 tali
1399 1779 1658 1879 quidem
1705 1796 1996 1881 scriptori
2039 1803 2211 1862 recte
2253 1796 2555 1881 imputes.
2649 1814 2804 1861 sane
2849 1816 2974 1859 non
3018 1794 3210 1860 facile
3254 1799 3355 1858 est
3395 1792 3556 1857 fines
3599 1811 3825 1874 regere

572 1915 740 1981 inter
796 1916 1133 1981 stultitiam
1193 1916 1469 1982 auctoris
1530 1917 1771 1981 saeculi
1833 1917 1997 1982 sexti
2054 1923 2119 1982 et
2173 1915 2416 1982 librarii
2478 1916 2724 1981 saeculi
2779 1916 3022 1996 octavi,
3089 1933 3297 1997 neque
3351 1913 3574 1995 ignoro
3634 1910 3824 1976 hodie

574 2035 854 2101 editores
899 2036 1034 2102 fere
1078 2057 1154 2103 eo
1199 2036 1410 2120 magis
1456 2037 1521 2101 in
1568 2036 1717 2102 crisi
1763 2036 1885 2102 sibi
1930 2036 2284 2120 profecisse
2327 2035 2566 2118 videri,
2631 2056 2756 2118 quo
2818 2036 3109 2120 pluribus
3166 2033 3439 2099 salebris
3483 2038 3548 2098 et
3588 2032 3824 2098 barba-

576 2155 787 2220 rismis
848 2163 1169 2223 auctorem
1232 2177 1415 2222 suum
1474 2157 1881 2222 oneraverint
1938 2164 2003 2222 et
2046 2158 2345 2222 lectorem
2389 2156 2739 2240 gravarint.
2832 2156 2969 2221 iure
3014 2161 3228 2221 tamen
3272 2160 3494 2219 auctor
3536 2152 3826 2237 quicum-

575 2296 697 2360 que
744 2283 844 2342 est
888 2297 1103 2342 eorum
1151 2284 1397 2342 tantum
1444 2298 1724 2344 errorum
1772 2276 2333 2355 condemnabitur,
2401 2295 2560 2360 quos
2619 2276 3016 2342 commisisse
3076 2274 3408 2341 convictus
3466 2279 3586 2338 est.
3679 2272 3826 2337 uni-

573 2415 824 2461 versam
870 2397 1116 2462 variam
1161 2397 1503 2464 lectionem
1548 2397 1914 2463 Florianam
1961 2397 2028 2463 in
2072 2396 2480 2463 adnotatione
2525 2416 2650 2461 non
2694 2396 3026 2481 adscripsi,
3081 2394 3298 2461 curavi
3342 2400 3578 2474 tamen,
3630 2399 3698 2457 ut
3742 2393 3824 2458 de

570 2517 921 2601 potioribus
980 2518 1222 2601 legenti
1280 2517 1471 2583 facile
1529 2492 1869 2584 constaret.
1971 2517 2139 2600 quod
2199 2517 2255 2581 si
2309 2517 2376 2582 in
2434 2516 2785 2582 Nazariani
2842 2517 2990 2581 libri
3048 2515 3320 2582 lectione
3376 2512 3726 2579 indicanda
3783 2534 3825 2577 a

569 2637 889 2721 prioribus
936 2637 1185 2719 differo,
1238 2636 1396 2702 1111111
1442 2638 1614 2703 credi
1657 2639 1838 2715 volo:
1892 2638 2034 2721 ipse
2078 2638 2249 2702 0111111
2296 2659 2441 2703 011111
2488 2637 2698 2702 (1011110
2743 2637 2999 2702 001111111.

738 2758 827 2822 II.
877 2758 1319 2823 IAMBLICHVM
1365 2758 1429 2823 111
1474 2758 1615 2842 ipso
1660 2758 1970 2842 principio
2015 2758 2223 2823 libelli
2265 2758 2573 2823 Iordanes
2618 2758 2711 2822 ait
2753 2759 3073 2824 Romanos
3118 2756 3445 2837 laudasse,
3496 2755 3668 2838 quod
3713 2776 3821 2819 ar-
3849 2773 4114 2815 amasenus

568 2877 691 2942 mis
750 2884 816 2943 et
872 2878 1127 2961 legibus
1188 2878 1403 2943 orbem
1464 2886 1673 2943 terrae
1732 2898 1918 2943 suum
1962 2878 2264 2960 fecerint,
2327 2898 2601 2961 eumque
2647 2878 2852 2943 virum
2898 2877 3400 2944 eruditissimum
3446 2882 3818 2959 sequentem

568 3017 638 3063 se
691 2998 947 3081 ‘aliqua
992 2998 1072 3063 de
1119 3018 1307 3062 cursu
1352 3001 1735 3084 temporum‘
1784 2998 2061 3064 scribere
2104 2999 2307 3064 velle:
2361 2999 2453 3064 ita
2498 3005 2668 3064 certe
2713 2998 2913 3064 verba
2955 2997 3335 3082 acceperim,
3394 3016 3599 3078 neque
3647 2995 3815 3061 enim

564 3138 646 3182 ne
689 3118 1026 3183 Iordanem
1088 3116 1345 3201 quidem
1404 3117 1785 3184 crediderim
1853 3118 2094 3201 ‘sequi’
2155 3118 2318 3184 illud
2377 3118 2616 3185 referre
2672 3118 2758 3184 ad
2816 3140 3008 3184 unam
3069 3118 3248 3183 illam
3306 3116 3689 3182 sententiam
3735 3137 3817 3181 ex

560 3238 914 3303 Iamblicho
958 3237 1425 3323 depromptam.
1520 3239 1573 3303 si
1619 3239 2055 3305 Chalcidenus
2110 3239 2509 3322 intellegitur
2565 3239 3105 3305 celebratissimus
3163 3239 3584 3324 philosophus
3629 3237 3818 3302 scho-

562 3359 663 3424 lae
710 3359 1194 3444 neoplatonicae
1240 3358 1472 3426 aetatis
1519 3360 2106 3443 Constantinianae,
2166 3360 2284 3425 illa
2327 3360 2647 3426 sententia
2688 3380 2898 3444 neque
2942 3367 3119 3426 extat
3162 3360 3228 3425 in
3271 3359 3352 3425 iis
3397 3379 3562 3441 quae
3608 3359 3691 3423 ab
3737 3377 3814 3423 eo

561 3479 908 3561 habemus,
962 3487 1026 3546 01
1070 3479 1162 3545 110
1205 3500 1347 3545 00111
1394 3455 1477 3546 ab
1526 3480 1664 3546 eius
1708 3480 1926 3546 indole
1970 3480 2344 3562 abhorrere,
2412 3488 2483 3546 ut
2527 3481 2634 3545 vix
2679 3483 2760 3546 ab
2807 3502 2882 3547 eo
2926 3479 3241 3565 proficisci
3287 3479 3524 3564 possit,
3590 3480 3814 3544 harum

564 3597 775 3664 10111111
821 3599 1195 3684 peritissimi
1242 3599 1362 3664 viri
1408 3601 1739 3667 certiorem
1786 3621 1889 3666 me
1934 3600 2241 3683 fecerunt,
2282 3602 2492 3667 multo
2536 3601 2746 3685 magis
2790 3609 3104 3684 negantes
3149 3621 3295 3666 eum
3339 3606 3453 3664 aut
3481 3598 3814 3683 scripsisse

564 3726 678 3785 aut
721 3719 886 3786 adeo
931 3721 1209 3787 scribere
1255 3721 1538 3806 potuisse
1583 3721 1664 3787 de
1712 3741 1898 3786 cursu
1943 3729 2296 3807 temporum
2343 3721 2891 3804 commentarium,
2943 3723 3200 3803 qualem
3246 3721 3366 3786 hoc
3409 3721 3548 3786 loco
3591 3719 3816 3784 Iorda-

562 3859 679 3904 nes
724 3840 1066 3923 significat.
1151 3843 1315 3907 alter
1358 3841 1497 3907 eius
1541 3841 1817 3906 nominis
1862 3841 2131 3926 scriptor
2162 3841 2558 3926 Babylonius
2601 3843 2836 3908 aetatis
2865 3841 3063 3907 Marci
3109 3847 3173 3907 et
3203 3840 3374 3924 Veri,
3427 3861 3812 3923 quamquam

565 3959 630 4023 in
687 3960 908 4045 inepta
966 3961 1190 4027 fabula
1232 3961 1516 4041 Milesia,
1584 3961 1767 4026 cuius
1827 3962 2146 4047 epitomen
2190 3963 2455 4029 Photius
2509 3962 2824 4046 servavit,
2890 3965 3317 4028 Romanorum
3362 3962 3811 4045 imperatorum

560 4081 942 4147 mentionem
974 4082 1170 4164 inicit,
1226 4083 1309 4148 de
1355 4101 1544 4147 cursu
1586 4089 1938 4166 temporum
1986 4090 2157 4148 certe
2201 4104 2329 4147 non
2373 4083 2586 4166 magis
2632 4084 2904 4168 scripsit.
2984 4103 3104 4149 nec
3147 4082 3357 4166 magis
3401 4081 3810 4165 cogitandum

559 4200 678 4266 erit
735 4201 817 4267 de
875 4203 1090 4286 aliquo
1151 4203 1290 4268 eius
1347 4203 1621 4268 nominis
1680 4210 1941 4268 auctore
1984 4209 2317 4287 praeterea
2358 4202 2607 4286 ignoto,
2673 4211 2831 4289 puta
2874 4204 3308 4270 chronicorum
3355 4203 3660 4286 scriptore
3707 4221 3803 4282 e0,

560 4321 641 4386 de
700 4342 823 4405 quo
882 4343 940 4387 c.
991 4323 1085 4386 IX
1134 4323 1409 4388 dicetur:
1478 4344 1625 4387 110111
1671 4321 1844 4406 quod
1900 4323 2040 4407 ipse
2086 4321 2394 4388 Iordanes
2453 4322 2639 4389 addit
2695 4325 2904 4389 locum
2952 4325 3287 4390 Iamblichi
3345 4344 3415 4389 se
3475 4322 3541 4388 in
3598 4320 3810 4406 operis

558 4441 869 4526 principio
916 4443 1207 4527 posuisse
1273 4444 1486 4508 ‘velut
1528 4443 1784 4525 insigne
1828 4444 2149 4526 quoddam
2196 4447 2689 4526 ornamentum',
2754 4446 3117 4510 necessario
3172 4445 3414 4511 clarum
3470 4445 3636 4509 illud
3693 4465 3810 4508 no-

562 4582 709 4627 men
755 4563 1134 4628 Chalcideni
1178 4562 1540 4648 philosophi
1588 4563 1876 4644 requirit.
1970 4564 2267 4647 equidem
2313 4564 2604 4648 suspicor
2645 4572 2966 4632 auctorem
3012 4567 3150 4631 11110
3197 4566 3321 4630 01111
3366 4564 3681 4644 diffisum,
3744 4570 3813 4629 ut

559 4683 978 4766 patrocinium
1025 4682 1345 4766 quoddam
1392 4690 1615 4768 coepto
1660 4683 1834 4767 operi
1878 4690 2137 4767 pararet
2180 4691 2245 4750 et
2288 4685 2604 4768 libellum,
2656 4686 2821 4752 sicut
2858 4680 3110 4752 doctum
3142 4687 3346 4751 virum
3379 4686 3582 4766 decet,
3635 4688 3810 4752 inco-

564 4802 744 4866 haret
786 4824 828 4867 a
873 4803 1176 4888 scriptore
1221 4804 1438 4886 aliquo
1484 4803 1695 4886 citat0,
1747 4803 1814 4868 id
1856 4803 2027 4886 quod
2072 4804 2224 4870 item
2271 4804 2426 4870 facit
2453 4806 2522 4871 in
2552 4806 2776 4888 altero,
2827 4827 3060 4872 nomen
3089 4806 3365 4890 elegisse
3398 4806 3808 4891 splendidum

563 4921 796 4987 Graeci
841 4923 1246 5008 philosophi,
1312 4924 1495 4989 cuius
1541 4925 1660 4989 sub
1705 4924 1933 4989 umbra
1976 4923 2451 5007 adquiesceret,
2519 4927 2620 4990 0111
2677 4926 2985 5010 propositi
3046 4932 3160 4991 aut
3218 4925 3476 4991 laudem
3537 4935 3649 4993 aut
3708 4900 3825 4994 re-'

560 5043 1048 5127 prehensionem
1093 5044 1160 5108 in
1206 5064 1350 5109 eum
1395 5044 1788 5110 transferens
1833 5052 1897 5109 et
1942 5045 2325 5110 sententiam
2372 5046 2431 5111 ei
2479 5046 2968 5112 subministrans
3000 5047 3332 5130 vulgarem
3368 5047 3809 5132 undecumque

559 5171 903 5247 arreptam.
997 5172 1166 5231 certe
1225 5164 1291 5229 in
1352 5164 1704 5246 hominem,
1773 5183 1961 5247 quem
2022 5186 2169 5231 mox
2227 5165 2590 5232 videbimus
2645 5166 2849 5253 plagii
2892 5188 3105 5250 reum,
3171 5167 3487 5234 eiusmodi
3531 5170 3811 5254 suspicio

557 5302 685 5346 non
730 5283 1045 5349 immerito
1091 5283 1285 5350 cadit.

732 5405 852 5468 III.
909 5406 1265 5486 [Evrrnopn
1338 5405 1747 5489 breviarium,
1798 5405 1971 5488 quod
2014 5406 2305 5491 pervenit
2347 5407 2433 5472 ad
2477 5428 2540 5471 a.
2585 5411 2730 5488 364,
2783 5429 2925 5474 raro
2972 5415 3346 5492 usurpatum
3394 5415 3513 5490 est,
3567 5409 3812 5478 seilicet
3839 5429 4080 5479 Eutropius

560 5524 646 5588 ad
707 5525 845 5588 sola
905 5545 961 5590 0.
1014 5529 1160 5590 255.
1217 5529 1364 5589 257.
1417 5528 1563 5588 259.
1618 5527 1766 5589 260.
1819 5529 1967 5589 264.
2020 5530 2165 5590 267.
2220 5530 2366 5591 272.
2419 5531 2568 5594 282.
2619 5532 2767 5593 290.
2821 5532 2941 5592 294
3014 5528 3219 5595 libelli
3279 5530 3546 5595 Romani
3607 5531 3810 5616 partis

559 5642 732 5726 eius,
807 5664 935 5726 qua
994 5664 1098 5709 res
1158 5645 1277 5710 sub
1338 5646 1832 5729 imperatoribus
1890 5653 2116 5728 gestae
2171 5654 2580 5728 enarrantur,
2655 5655 2721 5714 et
2775 5649 2867 5714 ita
2924 5656 2994 5713 ut
3051 5648 3323 5731 singulis
3383 5650 3542 5714 locis
3600 5672 3810 5735 pauca

555 5770 802 5829 tantum
847 5765 1046 5830 verba
1092 5785 1296 5848 eaque
1344 5766 1477 5832 fere
1522 5764 1606 5831 ad
1652 5766 1931 5850 origines
1975 5787 2310 5851 moresque
2356 5767 2807 5854 imperatorum
2854 5769 3242 5854 pertinentia
3285 5769 3809 5855 Hieronymianis

712 5883 731 5924 1
734 5895 956 5926 uuuuuuuu
3359 5891 3397 5945 d
3451 5917 3454 5920 ’
