4882 6775
1155 484 1231 546 10
2595 475 2958 536 IORDANIS

1148 672 1357 755 homo,
1408 670 1477 737 in
1521 670 1727 755 signis
1771 679 1837 738 et
1879 668 2219 738 virtutibus
2262 669 2680 736 ammirandis
2725 669 2954 736 enituit
2982 672 3009 755 ΙΙ
3054 690 3221 735 anno
3267 668 3350 736 ab
3395 667 3643 753 origine
3687 666 3910 734 mundi
3954 667 4071 750 Vn,
4123 666 4206 731 ab
4253 663 4406 731 urbe
4433 680 4554 724 που.

1030 775 1112 838 86
1150 777 1394 841 Romae
1450 783 1666 841 autem
1729 773 2089 841 conditione
2149 795 2315 839 anno
2374 792 2618 839 nocLV.
2738 781 2802 839 et
2860 773 3012 855 quia
3071 773 3498 837 Romanarum
3558 793 3768 838 rerum
3827 771 4049 835 ordine
4071 766 4082 777 “
4106 777 4408 852 actosque

1147 878 1467 962 inquirere
1542 877 1822 943 statuisti
1882 884 1948 942 et
2005 895 2121 942 nos
2178 877 2460 942 breviter
2513 876 2639 942 tuis
2697 877 3323 961 percunctationibus
3382 876 3771 960 respondere
3831 893 4052 939 sumus
4110 872 4398 958 polliciti,

1150 981 1583 1045 necessarium
1629 988 1728 1045 est
1770 999 1923 1062 ergo
1967 979 2151 1044 nobis
2198 999 2279 1043 ea
2323 979 2578 1043 interim
2600 1031 2614 1060 ,
2682 1000 2805 1062 que
2859 978 2945 1043 ad
2990 986 3275 1061 tempora
3319 977 3596 1061 Augusti
3639 977 4041 1062 imperatoris
4085 975 4399 1056 dicuntur,

1086 1104 1112 1143 ⁵
1150 1083 1441 1149 omittere
1507 1091 1574 1148 et
1632 1102 1850 1148 rursus
1909 1082 1996 1147 ad
2054 1084 2381 1147 Romanae
2444 1082 2618 1146 urbis
2679 1082 3027 1167 primordia
3083 1082 3392 1166 repedare
3452 1082 3892 1165 originemque
3951 1078 4207 1143 Romuli
4265 1079 4405 1143 eius

1150 1186 1493 1252 conditoris
1552 1205 1869 1270 exponere
1929 1185 2247 1268 simulque
2293 1204 2733 1250 successorum
2780 1185 2921 1251 eius
2964 1205 3187 1267 regum
3234 1184 3688 1266 consolumque
3732 1201 3933 1248 annos
3976 1188 4278 1265 actosque
4322 1180 4408 1245 ad

1151 1288 1463 1372 liquidum
1508 1288 1965 1370 demonstrare,
2018 1288 2126 1371 qui
2173 1295 2322 1353 sunt
2367 1287 2456 1351 hi.

1031 1393 1110 1455 87
1320 1392 1419 1457 Ab
1479 1391 1725 1474 origine
1783 1390 1961 1456 urbis
2006 1390 2249 1455 Romae
2297 1397 2361 1455 et
2403 1411 2603 1473 usque
2650 1390 3067 1472 Tarquinium
3114 1411 3332 1473 regem
3378 1395 3794 1472 cognomento
3841 1387 4232 1472 Superbum,
4299 1386 4407 1470 qui
4435 1403 4542 1444 Bur.
4571 1404 4600 1444 2

1150 1500 1214 1559 et
1258 1495 1568 1578 expulsus
1614 1501 1744 1575 est,
1806 1500 2219 1560 numerantur
2262 1493 2417 1558 anni
2463 1511 2743 1557 ccxnm.
2839 1513 2988 1556 nam
3021 1494 3045 1577 ΙΙ
3077 1493 3320 1577 primus
3365 1493 3478 1558 ille
3525 1499 3590 1556 et
3633 1491 3808 1556 urbis
3853 1497 3918 1555 et
3958 1489 4213 1574 imperii
4258 1510 4408 1554 con-
4435 1506 4602 1547 florus
4636 1507 4673 1553 ¹.
4707 1508 4780 1551 ¹.¹

1053 1617 1111 1656 ιο
1151 1596 1316 1660 ditor
1344 1597 1651 1661 Romulus
1682 1596 1807 1661 fuit
1833 1597 2059 1679 Marte,
2101 1597 2126 1680 ΙΙ
2159 1604 2228 1661 ut
2255 1597 2542 1680 ipsorum
2573 1594 2788 1660 verbis
2819 1596 3153 1678 loquamur
3171 1599 3241 1676 ¹),
3282 1597 3307 1679 Η
3339 1596 3594 1680 genitus
3626 1602 3691 1659 et
3720 1596 3854 1659 Rea
3886 1593 4109 1658 Silvia.
4176 1593 4297 1658 hoc
4327 1592 4405 1657 de
4434 1598 4473 1648 ό.
4502 1609 4532 1649 2

1150 1717 1221 1764 se
1266 1699 1567 1765 sacerdos
1611 1700 1885 1783 gravida
1929 1698 2227 1765 confessa
2272 1706 2392 1764 est.
2488 1720 2608 1765 nec
2654 1719 2799 1763 mox
2846 1697 3019 1763 fama
3063 1699 3400 1781 dubitavit,
3453 1718 3597 1763 cum
3627 1696 3895 1761 Amullii
3938 1695 4112 1779 regis
4141 1695 4408 1780 imperio

1147 1801 1437 1867 abiectus
1482 1802 1551 1866 in
1596 1802 2017 1886 profluentem
2064 1823 2206 1867 cum
2250 1803 2449 1867 Remo
2495 1802 2692 1867 fratre
2734 1822 2860 1866 non
2906 1802 3111 1886 potuit
3156 1802 3479 1883 extingui,
3545 1800 3602 1865 si
3662 1799 3922 1883 quidem
3964 1807 4027 1864 et
4068 1798 4406 1863 Tiberinus
4435 1824 4475 1854 c.
4504 1815 4532 1853 3

1150 1925 1406 1969 amnem
1450 1906 1757 1989 repressit
1802 1913 1868 1971 et
1912 1905 2152 1970 relictis
2197 1905 2427 1969 catulis
2475 1906 2628 1989 lupa
2674 1910 2894 1969 secuta
2938 1904 3224 1987 vagitum
3270 1905 3429 1970 uber
3470 1902 3775 1967 ammovit
3818 1902 4203 1982 infantibus,
4273 1921 4408 1964 ma-

1031 2010 1112 2071 88
1148 2007 1389 2090 trisque
1449 2008 1652 2090 gessit
1704 2008 2009 2072 officium.
2106 2008 2198 2072 sic
2251 2014 2539 2092 repertos
2585 2007 2759 2090 apud
2803 2008 3094 2072 arborem
3138 2008 3488 2072 Faustulus
3533 2006 3698 2089 regii
3741 2005 3960 2088 gregis
4004 2012 4223 2089 pastor
4265 2004 4409 2068 tulit

1052 2130 1112 2170 ιε»
1148 2110 1216 2174 in
1262 2130 1476 2174 casam
1522 2118 1714 2190 atque
1760 2110 2079 2175 educavit.
2176 2111 2345 2174 Alba
2389 2118 2526 2175 tum
2572 2118 2711 2174 erat
2755 2110 2938 2175 Latio
2984 2118 3212 2195 caput,
3264 2110 3414 2175 Iulii
3458 2129 3652 2193 opus:
3713 2130 3861 2173 nam
3909 2107 4246 2173 Labinium
4292 2128 4406 2191 pa-
4435 2134 4473 2163 c.
4503 2125 4530 2162 ⁴

1147 2212 1263 2277 tris
1309 2214 1610 2277 Aenaeae
1655 2219 2100 2277 contemserat.
2196 2213 2278 2276 ab
2325 2212 2426 2276 his
2470 2213 2793 2276 Amullius
2838 2214 2967 2277 iam
3015 2214 3291 2297 septima
3352 2213 3574 2278 subole
3629 2213 3943 2295 regnabat
3987 2211 4180 2276 fratre
4223 2210 4406 2293 pulso

1147 2313 1515 2394 Numitore,
1582 2315 1761 2379 cuius
1818 2336 1897 2379 ex
1956 2314 2095 2379 filia
2140 2315 2473 2379 Romulus,
2569 2314 2766 2397 igitur
2828 2316 3041 2380 statim
3100 2316 3306 2400 prima
3362 2316 3712 2380 iuventutis
3773 2314 3940 2380 facie
3985 2321 4280 2398 patruum
4325 2312 4404 2376 ab
4434 2339 4474 2368 e·
4502 2331 4532 2369 5

1148 2436 1295 2480 arce
1341 2416 1670 2499 deturbat,
1723 2437 1916 2481 avum
1962 2417 2229 2501 reponit.
2327 2417 2468 2500 ipse
2515 2416 2798 2482 fluminis
2845 2426 3094 2482 amator
3137 2425 3201 2482 et
3244 2418 3587 2498 montium,
3647 2417 3822 2502 apud
3863 2437 4022 2499 quos
4068 2421 4205 2480 erat
4248 2414 4406 2479 edu-

1029 2524 1110 2586 89
1150 2527 1363 2600 catus,
1416 2519 1671 2584 moenia
1715 2542 1919 2585 novae
1967 2521 2141 2586 urbis
2185 2520 2501 2602 agitabat.
2595 2521 2837 2605 gemini
2882 2528 3099 2586 erant:
3170 2529 3310 2586 uter
3360 2521 3802 2605 auspicaretur
3845 2528 3909 2585 et
3952 2525 4238 2601 regeret,
4289 2516 4404 2581 ad-
4432 2546 4474 2574 c.
4501 2536 4530 2575 6

1049 2643 1109 2684 20
1149 2621 1371 2686 hibere
1415 2622 1659 2705 placuit
1702 2622 1884 2688 deos.
1978 2625 2217 2687 Remus
2262 2630 2541 2688 montem
2588 2624 3014 2705 Aventinum,
3077 2623 3182 2688 bic
3226 2623 3589 2687 Palatinum
3648 2629 3980 2707 occupant.
4077 2621 4253 2705 prius
4297 2618 4407 2682 ille

1149 2743 1262 2788 sex
1309 2725 1616 2804 vultures,
1668 2724 1776 2789 hic
1820 2733 2066 2809 postea,
2121 2727 2239 2790 sed
2283 2726 2620 2790 duodecim
2665 2726 2845 2790 vidit.
2944 2727 3036 2791 sic
3078 2727 3279 2792 victor
3314 2726 3584 2808 augurio
3615 2725 3838 2790 urbem
3871 2724 4127 2804 excitat,
4179 2723 4406 2807 plenus
4435 2751 4476 2780 c.
4505 2742 4530 2780 τ

1151 2827 1290 2911 spei
1347 2827 1749 2891 bellatricem
1812 2828 1979 2892 fore:
2048 2827 2117 2891 id
2163 2835 2466 2893 assuetae
2514 2829 2829 2910 sanguine
2876 2838 2940 2893 et
2983 2829 3185 2914 preda
3230 2849 3385 2894 aves
3431 2829 3916 2912 pollicebantur.
4011 2825 4097 2891 ad
4140 2825 4405 2890 tutelam
4433 2854 4476 2883 e.
4505 2848 4531 2883 s

1148 2948 1353 2993 novae
1414 2928 1591 2992 urbis
1653 2929 1951 2994 sufficere
1995 2930 2237 2994 vallum
2286 2929 2653 2995 videbatur:
2726 2931 2906 2995 cuius
2966 2932 3116 2995 dum
3177 2932 3512 3014 angustias
3557 2932 3795 2996 Remus
3851 2932 4172 3014 increpat,
4239 2928 4406 2993 saltu

1050 3051 1108 3093 24
1149 3030 1514 3096 transilivit.
1595 3030 1858 3095 dubium
1904 3052 1989 3096 an
2033 3032 2213 3096 iussu
2260 3033 2498 3113 fratris,
2552 3033 2802 3099 occisus
2848 3041 2968 3098 est.
3053 3034 3257 3118 prima
3302 3039 3474 3099 certe
3520 3034 3780 3098 victima
3812 3032 3933 3097 fuit
3960 3031 4408 3096 munitionem-

1030 3140 1112 3202 90
1149 3154 1272 3215 que
1320 3134 1494 3198 urbis
1539 3154 1746 3198 novae
1791 3135 2106 3215 sanguine
2130 3120 2267 3200 'suo
2314 3136 2727 3201 consecravit.
2807 3136 3159 3220 imaginem
3207 3136 3381 3201 urbis
3412 3136 3621 3219 magis
3652 3156 3843 3219 quam
3873 3136 4093 3200 urbem
4126 3134 4396 3198 fecerat:

1147 3237 1396 3301 incolae
1444 3237 1732 3301 deerant.
1826 3245 1964 3301 erat
2007 3237 2077 3301 in
2121 3239 2409 3323 proximo
2456 3239 2669 3303 locus:
2723 3239 2893 3303 hunc
2937 3240 3192 3322 asylum
3238 3239 3427 3319 facit,
3480 3245 3546 3303 et
3589 3239 3803 3303 statim
3849 3239 4011 3301 mira
4055 3237 4153 3301 vis
4200 3235 4404 3300 homi-
4431 3266 4474 3294 c.
4504 3257 4530 3293 o

1148 3360 1299 3404 num
1360 3339 1573 3405 Latini
1628 3340 1950 3423 Tuscique
2011 3348 2333 3426 pastores,
2400 3341 2595 3407 etiam
2657 3342 3066 3407 transmarini
3125 3343 3405 3427 Fryges,
3472 3342 3586 3425 qui
3646 3341 3763 3406 sub
3810 3341 4028 3422 Aena,
4094 3338 4399 3418 Arcades,

1148 3444 1258 3525 qui
1316 3445 1433 3508 sub
1481 3443 1782 3508 Euandro
1843 3444 2006 3509 duce
2064 3443 2473 3509 influxerant.
2568 3444 2661 3509 ita
2722 3465 2801 3508 ex
2860 3445 3057 3509 variis
3110 3445 3296 3527 quasi
3343 3445 3679 3509 elementis
3724 3444 4138 3526 congregavit
4182 3460 4408 3525 corpus

1147 3568 1343 3611 unum
1389 3548 1823 3631 populumque
1870 3549 2224 3612 Romanum
2270 3548 2413 3631 ipse
2461 3548 2634 3612 fecit.
2714 3567 2817 3613 res
2864 3556 3003 3613 erat
3046 3549 3234 3612 unius
3280 3548 3533 3629 aetatis,
3585 3547 3859 3631 populus
3904 3546 4202 3609 virorum.
4281 3544 4406 3608 ita-
4431 3575 4474 3603 c.
4511 3567 4561 3605 ιιι

1048 3670 1109 3712 3ο
1149 3670 1272 3731 que
1318 3649 1725 3714 matrimonia
1768 3671 1809 3713 a
1852 3650 2141 3714 finitimis
2186 3651 2387 3734 petita
2430 3651 2582 3734 quia
2626 3671 2752 3715 non
2796 3650 3338 3736 impetrabantur,
3408 3670 3601 3714 manu
3649 3655 3836 3732 capta
3880 3656 4049 3712 sunt.
4146 3647 4408 3712 simula-

1146 3754 1228 3818 tis
1287 3754 1523 3837 quippe
1581 3751 1753 3816 ludis
1815 3753 2219 3835 equestribus
2278 3753 2562 3835 virgines
2623 3775 2788 3836 quae
2847 3755 2932 3819 ad
2993 3754 3476 3838 expectaculum
3537 3758 3845 3817 venerant
3902 3750 4139 3834 praede
4199 3750 4401 3814 fuere.

1025 3863 1105 3921 91
1148 3855 1308 3920 haec
1354 3855 1567 3920 statim
1614 3874 1811 3919 causa
1855 3855 2189 3920 bellorum.
2280 3855 2450 3939 pulsi
2497 3857 2828 3939 fugatique
2861 3858 3182 3922 Veientes.
3266 3855 3721 3921 Ceninensium
3767 3861 4023 3939 captum
4069 3875 4147 3918 ac
4190 3853 4405 3937 direp—
4432 3883 4472 3913 e.
4509 3875 4556 3914 ιι

1321 4081 1372 4126 Η
1396 4080 1439 4126 P
1472 4080 1571 4127 VS
1593 4079 1636 4126 L
1674 4080 1939 4140 Erec-ulfus
1967 4085 2011 4142 1,
2047 4083 2097 4139 3,
2132 4082 2195 4128 12
2239 4083 2286 4142 (a
2324 4080 2387 4130 22
2427 4083 2530 4140 ad).
2609 4082 2793 4129 Paulus
2817 4082 2860 4130 h.
2893 4082 2955 4130 R.
2991 4086 3034 4140 l,
3067 4086 3098 4131 9
3145 4081 3223 4144 (23
3263 4083 3409 4130 cuius
3445 4109 3513 4116 —
3549 4081 3614 4130 24
3651 4083 3843 4129 occisus
3880 4086 3984 4128 est:
4028 4083 4407 4138 interponuntur

1148 4167 1565 4228 Hier-cuminum
1606 4165 1668 4214 27
1709 4167 1881 4214 Latini
1915 4193 1986 4202 —-
2023 4166 2087 4214 29
2125 4168 2287 4230 fecit).
2328 4195 2397 4203 —
2435 4167 2564 4215 Mur.
2603 4184 2656 4229 p.
2688 4155 2814 4215 225⁶
2848 4184 2897 4215 υ.
2922 4167 2984 4215 27
3026 4174 3214 4217 -stores
3254 4170 3425 4218 etiam.

1324 4286 1344 4334 1
1387 4288 1509 4334 anni
1555 4287 1595 4332 V
1801 4283 1947 4352 urbe]
1985 4287 2133 4348 HPS,
2176 4289 2313 4336 urbis
2360 4288 2441 4335 VL
2651 4287 2681 4336 2
2720 4289 2840 4335 anni
2887 4288 2926 4334 V
3127 4295 3237 4348 post
3273 4302 3440 4336 nccnv
3475 4292 3568 4336 ἕπε.
3610 4288 3714 4345 πεῖ.
3757 4287 3963 4335 Romafi.
4005 4287 4043 4333 S
4251 4298 4407 4330 roma-

1147 4387 1321 4420 norum
1348 4372 1428 4421 ΡΒ
1635 4374 1858 4421 ordinem
1889 4373 1930 4419 L
2139 4369 2394 4437 actosque]
2432 4373 2542 4426 ΗΡ,
2585 4379 2823 4434 actusque
2860 4373 2980 4421 VSL
3187 4375 3216 4421 4
3258 4388 3575 4422 necessarum
3602 4375 3640 4421 S
3845 4387 3935 4433 ego
3961 4371 4027 4421 δ’
4237 4383 4343 4417 eam
4369 4371 4408 4418 S

1146 4460 1177 4506 6
1214 4473 1424 4518 regnum
1462 4459 1501 4505 V
1705 4455 1965 4523 actosque]
2002 4457 2175 4518 111281,
2217 4466 2458 4519 actusque
2498 4456 2639 4506 VS2L
2847 4458 2874 4505 7
2913 4459 2987 4505 hii
3014 4458 3114 4505 ΗΡ
3321 4459 3352 4507 8
3391 4456 3575 4524 usque]
3611 4473 3775 4520 usque
3811 4459 3873 4507 ad
3909 4459 3948 4503 V
4153 4456 4406 4516 cognomi-

1148 4551 1300 4591 nento
1337 4544 1384 4590 Ρ
1588 4545 1620 4592 9
1655 4550 1708 4591 et
1745 4540 1891 4609 exp-J
1928 4558 2043 4605 exp.
2093 4543 2207 4590 P‘L
2422 4543 2482 4592 10
2519 4546 2732 4592 romolus
2769 4545 2808 4592 S
2839 4549 3073 4605 perpetuo
3289 4545 3343 4593 11
3385 4546 3642 4605 grauidam
3677 4545 3718 4590 V
3923 4539 4127 4609 amull-]
4163 4542 4299 4589 HPS
4332 4543 4409 4589 hic

1145 4635 1191 4677 et
1215 4629 1458 4690 άεὶησιρο,
1500 4631 1659 4677 amul-
1703 4629 1788 4676 VL
2036 4628 2095 4677 12
2134 4625 2383 4694 abiectus]
2422 4630 2598 4677 Florus
2633 4630 2812 4692 (Naz.),
2857 4631 3073 4677 abiectos
3110 4630 3244 4691 libri,
3284 4632 3497 4678 iactatus
3535 4631 3669 4679 Flor.
3708 4629 3922 4691 (Bamb.)
4154 4630 4409 4677 tiberinus

1145 4712 1366 4779 amnem]
1404 4715 1442 4760 8
1464 4730 1574 4762 cum
1600 4716 1763 4771 Floro,
1804 4717 2054 4762 tiberinus
2095 4716 2327 4774 (tiberius
2354 4714 2441 4777 pa)
2484 4717 2645 4762 amnis
2670 4713 2783 4776 ΗΡ,
2823 4717 3097 4763 tiberinum
3135 4731 3335 4763 amnem
3376 4717 3426 4775 V,
3469 4717 3716 4763 tiberinus
3741 4716 3904 4763 amnis
3931 4715 3972 4761 L
4185 4713 4246 4762 13
4285 4716 4409 4760 uber

1146 4798 1407 4866 ammonit]
1460 4799 1591 4847 HPs
1627 4801 1760 4849 Flor.
1798 4801 2056 4862 (Bamb.)‚
2116 4802 2270 4848 ubera
2320 4803 2478 4848 mouit
2528 4802 2598 4860 L,
2656 4803 2809 4849 ubera
2856 4802 3080 4849 admouit
3119 4801 3210 4866 (V)
3255 4803 3385 4849 Ftor.
3431 4802 3598 4863 (Naz.)
3897 4799 3959 4848 14
4012 4806 4242 4862 repertus
4291 4800 4341 4846 Η

1148 4889 1278 4946 regis
1318 4887 1357 4933 L
1567 4889 1724 4947 grecis
1762 4886 1800 4931 8
2006 4891 2146 4947 putor
2183 4885 2228 4931 P
2473 4887 2533 4934 15
2571 4877 2682 4934 alba
2719 4884 2850 4952 tum]
2892 4889 3082 4947 Florus,
3142 4889 3364 4935 ablatum
3403 4887 3515 4934 libri
3721 4881 3992 4951 labiniam]
4028 4885 4220 4946 HPSL,
4277 4885 4406 4932 laui-

1148 4974 1289 5020 nium
1335 4973 1423 5033 (V)
1712 4971 1770 5019 17
1811 4967 1938 5036 fllia]
1974 4973 2095 5020 aliis
2131 4971 2202 5019 Ρ.
2480 4968 2629 5036 facie]
2667 4972 2777 5020 libra·
2811 4978 2857 5020 et
2896 4974 3028 5021 Flor.
3060 4973 3247 5035 (Noa),
3288 4975 3396 5020 face
3436 4974 3565 5022 Flor.
3605 4972 3814 5032 (Bamb.)
4099 4977 4298 5034 patrum
4336 4969 4406 5017 1²⁸¹

1150 5056 1213 5105 19
1249 5063 1481 5116 regerent
1515 5057 1570 5104 H
1788 5058 1854 5106 20
1890 5054 2156 5122 occupant]
2193 5056 2384 5116 HPSL,
2428 5071 2714 5119 occupans
2765 5059 2837 5120 V1,
2880 5065 3086 5120 occupat
3130 5055 3202 5104 V2
3226 5060 3361 5109 Hor.
3592 5058 3653 5107 21
3697 5054 3851 5123 uidit]
3887 5058 4012 5118 libri,
4057 5059 4201 5106 uidet
4239 5059 4410 5104 Florus

1148 5141 1213 5190 25
1252 5144 1478 5191 feceram
1511 5144 1713 5203 (fecerat
1746 5141 1828 5205 V2)
1875 5142 1934 5188 V¹
2144 5142 2209 5191 26
2246 5140 2373 5209 erat]
2409 5151 2551 5190 erant
2588 5145 2640 5190 H
2810 5141 2972 5210 locus]
3008 5145 3122 5192 lton·
3157 5150 3203 5192 et
3244 5146 3348 5204 Ρη,
3392 5146 3535 5193 lucus
3571 5146 3749 5193 Florus
3922 5140 4082 5210 hunc]
4117 5145 4269 5192 buius
4297 5143 4340 5190 L

1148 5231 1272 5276 mira
1307 5225 1410 5294 uis]
1448 5230 1689 5277 mirabilis
1717 5227 1760 5274 L
1969 5227 2031 5277 27
2071 5230 2361 5290 tusciaeque
2386 5228 2430 5276 L
2638 5226 2811 5294 etiam]
2847 5230 3055 5291 quidam
3093 5233 3246 5278 etiam
3288 5232 3462 5278 Florus
3669 5226 3818 5294 aena]
3855 5229 4083 5290 HPVS‘2,
4125 5245 4277 5278 aenea
4302 5217 4408 5278 8⁶1,

1151 5317 1327 5362 Florus
1533 5314 1767 5363 archades
1806 5315 1847 5361 L
2074 5313 2138 5363 28
2176 5316 2527 5362 confluxerunt
2569 5314 2651 5363 Fr.
2882 5315 2948 5364 30
2985 5312 3246 5381 finitimis]
3283 5318 3511 5363 finitibus
3551 5316 3588 5362 S
3810 5315 3868 5364 31
3913 5312 4126 5381 quippe]
4161 5331 4258 5378 que
4297 5315 4339 5362 L

1148 5403 1210 5449 ad
1247 5397 1657 5466 expectaculum]
1694 5400 1850 5458 HPL,
1892 5400 1949 5447 ad
1989 5406 2143 5462 spect.
2198 5399 2273 5446 VS
2482 5399 2546 5447 32
2583 5397 2725 5465 baec]
2761 5401 2850 5449 hac
2888 5402 2960 5448 L:
2998 5408 3051 5449 et
3087 5401 3207 5449 haec
3244 5403 3422 5449 Florus
3630 5403 3925 5463 fatigatique
3964 5402 4007 5450 L
4216 5416 4409 5461 negen-

1145 5495 1224 5536 tes
1264 5488 1307 5535 P
1578 5487 1963 5535 cenninensium
2002 5486 2105 5545 mr„
2148 5485 2542 5535 Caeninensium
2582 5487 2772 5547 Florus,
2822 5461 3137 5534 caniensium
3176 5485 3228 5546 S,
3271 5489 3585 5546 geniensium
3625 5487 3806 5535 HPVL
4083 5502 4139 5536 ac
4180 5489 4252 5548 (ae
4289 5487 4400 5547 ΗΙἺ

1148 5574 1200 5621 d.
1246 5574 1487 5634 (dirutum
1525 5573 1631 5634 Fr.)
1674 5586 1769 5620 om.
1802 5571 1849 5618 L

1337 5761 1375 5818 1)
1424 5767 1478 5807 ut
1515 5764 1735 5822 ipsorum
1772 5763 1934 5809 verbis
1971 5763 2233 5822 loquamur
2268 5764 2476 5809 {meruit
2517 5761 2763 5808 Iordanes.
