4882 6775
1942 492 2397 547 PROOEMIVM.
3572 492 3800 557 XXIII

548 725 928 803 apparatum
988 715 1319 800 congessi,
1387 735 1555 797 quae
1615 716 1983 780 necessaria
2039 715 2198 780 mihi
2256 715 2399 779 visa
2443 721 2663 780 essent
2706 713 2952 796 adieci,
3022 714 3164 779 cavi
3208 734 3289 779 ne
3333 712 3598 779 nimium
3644 714 3803 779 mihi

547 857 992 923 proponerem.
1082 837 1211 901 iam
1270 855 1438 917 quae
1499 835 1734 919 collegi
1792 855 1933 900 cum
1993 835 2176 900 trado
2236 833 2508 917 collegis
2531 886 2548 917 ,
2614 834 2759 899 volo
2803 835 3203 918 reperiantur
3261 834 3427 899 inter
3485 853 3596 899 eos
3645 834 3806 900 iusti

549 958 798 1041 aliquot
855 963 920 1022 et
976 956 1167 1039 aequi
1225 954 1505 1037 iudiceS,
1569 955 1679 1037 qui
1738 962 2096 1039 agnoscant
2144 955 2429 1021 medium
2475 974 2577 1019 me
2622 955 2905 1019 tenuisse
2949 955 3115 1019 inter
3157 956 3364 1019 levem
3410 953 3806 1020 celeritatem

550 1086 614 1143 et
657 1075 1289 1162 procrastinationem
1335 1074 1565 1140 editori
1609 1096 1801 1157 quam
1849 1076 2076 1142 litteris
2122 1075 2463 1141 utiliorem.

722 1199 1066 1262 Auctorum
1126 1196 1235 1278 qui
1294 1195 1373 1259 de
1420 1195 1692 1261 Iordane
1738 1202 1802 1260 et
1847 1196 2351 1261 Cassiodorianis
2397 1195 2789 1280 scripserunt
2832 1215 3219 1278 quamquam
3268 1214 3600 1260 recensum
3646 1194 3802 1261 dare

549 1338 675 1381 non
720 1317 965 1400 placet,
1033 1314 1430 1399 quorundam
1491 1316 2085 1381 commentariorum
2148 1317 2267 1380 hoc
2327 1317 2467 1381 loco
2521 1314 2758 1380 mentio
2806 1314 3109 1380 facienda
3153 1321 3285 1396 est,
3354 1335 3495 1380 cum
3543 1322 3607 1381 et
3654 1335 3804 1397 pro-

548 1437 685 1522 prie
732 1436 819 1502 ad
862 1435 1200 1501 Iordanem
1244 1435 1607 1519 pertineant
1650 1442 1715 1500 et
1763 1410 1987 1501 multa
2011 1436 2340 1501 attulerint
2383 1435 2571 1501 utilia
2614 1442 2681 1500 et
2722 1456 2905 1501 vera:
2977 1435 3118 1501 dico
3163 1435 3424 1500 Henrici
3473 1435 3552 1501 de
3601 1435 3802 1519 Sybel

556 1557 675 1621 ‘de
721 1556 1004 1622 fontibus
1048 1555 1195 1620 libri
1240 1555 1529 1620 Iordanis
1576 1558 1656 1622 de
1703 1531 1951 1639 origine
1997 1556 2371 1639 actibusque
2417 1555 2754 1621 Getarum'
2813 1555 3336 1635 (Berolini1838.
3389 1557 3451 1619 8.
3504 1577 3612 1640 pp.
3651 1559 3796 1639 45);

552 1676 768 1741 Iacobi
814 1676 1058 1740 Grimm
1110 1677 1261 1738 iiber
1305 1679 1646 1740 Iornandes
1690 1679 1820 1739 und
1865 1679 1963 1740 die
2012 1680 2195 1739 Goten
2241 1676 2306 1741 in
2352 1677 2515 1741 actis
2559 1676 2908 1742 maioribus
2952 1675 3327 1741 academiae
3372 1674 3807 1740 Berolinensis

550 1817 611 1861 a.
658 1800 817 1860 1846
864 1818 929 1880 p.
971 1799 1176 1858 1—59
1222 1801 1286 1860 et
1331 1795 1539 1860 denuo
1584 1796 1651 1861 in
1697 1797 2072 1883 scriptorum
2117 1797 2428 1861 minorum
2475 1798 2604 1861 vol.
2642 1802 2679 1861 3
2712 1819 2776 1882 p.
2819 1800 3190 1874 171-2353
3246 1794 3460 1861 Caroli
3506 1795 3805 1860 Schirren

558 1917 673 1982 ‘de
718 1916 961 1981 ratione
1006 1935 1172 1997 quae
1217 1916 1383 1981 inter
1412 1916 1751 1983 Iordanem
1780 1924 1847 1983 et
1876 1917 2351 1984 Cassiodorium
2381 1917 2764 1983 intercedat'
2825 1916 3108 2001 (Dorpati
3146 1918 3332 1980 1858.
3386 1918 3448 1979 8.
3500 1936 3609 1999 pp.
3649 1918 3749 1997 94)
3782 1938 3796 1993 ς

549 2036 800 2102 Rudolfi
834 2036 1105 2119 Koepke
1154 2039 1444 2099 Deutsclze
1474 2041 1933 2122 Forsclzunyen:
1981 2041 2078 2101 dic
2111 2038 2387 2121 Ansanyc
2431 2041 2535 2101 des
2567 2039 2958 2121 Koniythums
3003 2038 3096 2099 bei
3138 2039 3253 2099 den
3289 2037 3533 2099 Gothcn.
3586 2034 3806 2100 Berlin

554 2161 741 2221 1859.
793 2178 860 2241 p.
897 2159 1185 2235 44—93;
1261 2156 1515 2222 Alfredi
1570 2178 1612 2221 a
1658 2138 2038 2223 Gutschmid
2096 2159 2179 2223 de
2224 2158 2550 2223 Schirreni
2609 2157 2831 2222 libello
2887 2156 3191 2222 iudicium
3237 2155 3549 2221 insertum
3593 2155 3804 2219 Iahnii

550 2275 880 2341 annalium
939 2276 1244 2341 volumini
1292 2277 1599 2342 LXXXV
1655 2280 1859 2362 (1862)
1916 2300 1981 2363 p.
2025 2282 2385 2342 124—151.
2479 2278 2561 2343 ab
2619 2278 2720 2342 his
2775 2278 3141 2359 auctoribus
3199 2296 3367 2359 quae
3421 2274 3803 2360 sumpserim

553 2405 724 2463 recte
770 2403 834 2462 et
876 2404 1062 2461 acute
1107 2397 1505 2479 excogitata,
1576 2400 1710 2463 suis
1755 2399 1914 2463 locis
1960 2419 2102 2463 cum
2149 2398 2368 2464 debita
2413 2399 2608 2463 laude
2655 2398 3050 2479 significavi,
3118 2404 3188 2462 ut
3243 2397 3396 2462 item
3455 2416 3582 2461 non
3627 2395 3799 2461 tacui

552 2538 716 2601 quae
760 2516 918 2581 mihi
963 2538 1091 2581 non
1136 2518 1574 2601 probarentur,
1627 2519 1737 2583 ubi
1782 2519 2207 2584 dissentiendi
2251 2539 2451 2584 causa
2497 2526 2561 2584 et
2603 2518 2767 2582 ratio
2798 2525 2867 2583 ut
2895 2519 3273 2583 afferrentur
3300 2517 3613 2582 interesse
3645 2515 3803 2582 mihi

548 2639 756 2702 visum
803 2645 1019 2713 esset3·
1059 2638 1262 2702 multa
1305 2659 1455 2703 vero
1501 2659 1665 2720 quae
1712 2639 2141 2722 displicebant
2183 2639 2373 2705 tacite
2419 2638 2746 2723 praeterii.
2825 2638 2976 2704 item
3020 2637 3214 2703 tacite
3260 2637 3397 2702 fere
3442 2638 3524 2702 ab
3571 2637 3800 2703 iisdem

548 2758 704 2823 viris
765 2765 831 2823 et
887 2758 970 2821 ab
1029 2758 1177 2822 aliis
1239 2758 1504 2824 eruditis
1562 2758 1841 2842 adscivi,
1905 2780 2071 2842 quae
2124 2761 2264 2824 sola
2307 2759 2777 2844 comparatione
2822 2760 3103 2824 locorum
3150 2759 3582 2824 continentur:
3650 2779 3800 2822 nam

543 2878 856 2943 eiusmodi
901 2878 1289 2943 inventionis
1332 2879 1573 2963 primos
1616 2886 1908 2944 auctores
1952 2881 2255 2964 persequi
2298 2900 2508 2963 neque
2554 2856 2818 2964 expedit
2859 2900 3070 2962 neque
3109 2879 3364 2944 omnino
3395 2879 3535 2943 fieri
3562 2884 3791 2962 potest.

539 2999 905 3083 profitemur
961 2999 1027 3062 in
1087 2998 1455 3064 universum
1513 2998 1585 3064 id
1642 2999 1813 3080 quod
1869 2999 2110 3064 talibus
2164 2999 2718 3081 disquisitionibus
2763 2999 2898 3064 fere
2944 3018 3277 3065 commune
3322 3005 3453 3078 est,
3521 2999 3800 3084 plurima

541 3119 762 3184 deberi
806 3118 1086 3204 priorum
1134 3119 1511 3202 diligentiae
1558 3125 1622 3184 et
1666 3119 1720 3184 si
1765 3119 1924 3201 quid
1968 3120 2377 3204 profecimus,
2431 3121 2780 3204 profecisse
2824 3140 2941 3185 nos
2986 3120 3225 3185 umeris
3263 3140 3480 3184 eorum
3511 3118 3790 3200 1111111108,

543 3245 611 3304 ut
655 3240 888 3304 nostris
934 3238 1167 3304 deinde
1213 3239 1565 3305 innitentur
1607 3240 1717 3323 qui
1760 3247 1904 3324 post
1947 3260 2063 3305 nos
2107 3240 2389 3306 venient.

710 3362 849 3426 Iam
894 3380 1228 3426 recensum
1273 3360 1569 3426 dabimus
1614 3367 1977 3444 auctorum,
2045 3360 2129 3425 ad
2189 3380 2348 3444 quos
2406 3360 2616 3426 redire
2672 3361 2969 3427 videntur
3013 3380 3177 3444 quae
3221 3360 3416 3426 refert
3459 3359 3789 3444 IordaneS,

538 3488 668 3546 tam
728 3502 944 3546 eorum
1006 3501 1163 3564 quos
1222 3481 1433 3567 ipsum
1492 3480 1866 3546 adhibuisse
1929 3482 2261 3566 probabile
2320 3490 2419 3547 est
2476 3503 2666 3565 (1118111
2727 3502 2989 3563 (1110111111
3055 3482 3271 3566 copias
3315 3481 3444 3547 alio
3491 3481 3796 3565 scriptore

540 3601 1004 3667 interveniente
1055 3601 1348 3668 adscivit.
1445 3621 1603 3686 quos
1648 3602 1903 3667 nomine
1950 3602 2105 3668 citat
2147 3609 2412 3687 excepto
2459 3601 2870 3667 Cassiodorio
2916 3609 2981 3667 et
3024 3601 3414 3685 Hieronymo
3461 3609 3526 3667 et
3570 3601 3796 3667 Orosio

537 3742 759 3787 omnes
804 3722 886 3786 ad
933 3721 1283 3787 secundum
1330 3722 1617 3787 ordinem
1661 3722 1984 3805 pertinere
2030 3721 2441 3787 crediderim:
2511 3743 2659 3787 nam
2720 3743 2863 3787 cum
2924 3723 2990 3786 in
3037 3722 3344 3788 Romanis
3388 3742 3530 3787 raro
3575 3728 3798 3787 aucto-

537 3862 672 3906 rem
716 3842 1019 3924 nominet,
1073 3843 1322 3924 Getica,
1374 3863 1541 3925 quae
1585 3843 1727 3926 ipse
1774 3841 1867 3908 ait
1908 3842 2253 3927 epitomam
2300 3863 2446 3908 esse
2490 3842 2798 3908 historiae
2845 3843 3401 3926 Cassiodorianae,
3461 3862 3588 3907 non
3633 3863 3795 3927 pau-

538 3983 645 4027 cos
706 3962 979 4046 habent,
1042 3962 1416 4047 adsumptos
1476 3962 1700 4048 opinor
1759 3984 1840 4028 ex
1899 3962 2177 4028 doctiore
2222 3971 2516 4045 auctore,
2583 3970 2654 4028 ut
2696 3964 3058 4029 nominibus
3104 3963 3432 4030 doctrinae
3476 3983 3601 4028 non
3646 3982 3797 4028 con-

537 4084 920 4148 temnendae
982 4082 1262 4167 speciem
1315 4103 1472 4166 prae
1518 4103 1588 4148 se
1634 4083 1985 4149 ferentibus
2033 4104 2215 4149 8118111
2263 4083 2619 4149 exilitatem
2665 4091 2939 4150 ornaret.
3034 4071 3203 4149 unde
3249 4083 3315 4148 in
3361 4084 3573 4169 operis
3617 4082 3795 4167 prin-

535 4203 721 4287 cipio,
775 4203 885 4268 ubi
930 4204 1149 4288 paullo
1193 4204 1404 4268 minus
1446 4203 1863 4287 indiligenter
1905 4224 2038 4269 rem
2083 4203 2306 4287 gessit,
2359 4212 2685 4269 auctorum
2732 4204 3134 4270 laudationes
3176 4204 3573 4287 frequentius
3605 4203 3795 4286 longe

534 4344 724 4405 quam
778 4330 1004 4408 postea
1060 4324 1482 4408 reperiuntur.
1576 4323 1835 4388 nomina
1878 4330 2204 4389 auctorum
2250 4344 2417 4406 quae
2461 4345 2587 4389 non
2632 4324 3045 4390 enuntiantur
3089 4325 3270 4389 uncis
3313 4324 3649 4407 quadratis
3692 4324 3795 4389 in-

535 4444 719 4508 clusi.
812 4444 879 4508 in
924 4444 1292 4509 universum
1339 4444 1496 4509 satis
1540 4444 1738 4509 habui
1783 4444 2044 4508 nomina
2086 4465 2360 4530 ponere,
2428 4446 2617 4530 plura
2660 4444 2886 4511 'addidi
2929 4445 3018 4511 ibi
3064 4444 3175 4510 ubi
3218 4466 3255 4510 e
3299 4465 3369 4509 re
3416 4464 3563 4510 esse
3607 4444 3794 4509 vide-

531 4565 737 4629 batur.
832 4564 1214 4648 incipiemus
1258 4565 1341 4630 ab
1385 4564 1751 4629 auctoribus
1796 4563 2103 4629 adhibitis
2147 4572 2259 4629 aut
2300 4565 2386 4629 ad
2430 4573 2767 4649 utrumque
2812 4565 3107 4630 libellum
3152 4571 3265 4630 aut
3307 4564 3392 4628 ad
3426 4565 3631 4630 solum
3664 4566 3793 4628 Ro-

536 4705 792 4749 manum
839 4684 1387 4750 conscribendum.
2299 4684 2305 4690 ’

1337 5032 1687 5080 AVCTORES
1734 5033 2006 5079 LIBELLI
2051 5031 2144 5079 DE:
2188 5032 2474 5080 ACTIBVS
2518 5032 2974 5080 ROMANORVM.

3832 1174 3863 1214 C
3868 1186 4037 1216 mmmmm
4040 1175 4146 1215 tarii

3831 1227 4126 1267 recentiorum
4160 1228 4214 1268 de

3833 1278 4018 1319 Iordane

3825 3344 4040 3385 Auctores
4088 3345 4208 3386 adhi-

3825 3397 3908 3437 biti
3930 3398 3976 3438 in
3997 3398 4207 3439 Romanis

706 5183 757 5249 Ι.
820 5185 1077 5270 [Fnom]
1129 5186 1470 5270 epitomam
1515 5188 1599 5253 ab
1640 5187 1787 5271 ipso
1832 5187 2007 5253 urbis
2051 5191 2291 5254 Romae
2336 5188 2648 5273 principio
2695 5208 2898 5271 usque
2940 5187 3026 5252 ad
3071 5188 3312 5252 bellum
3360 5186 3787 5273 Philippicum
3817 5207 3976 5249 morus

537 5305 844 5371 Iordanes
903 5307 968 5371 in
1015 5307 1319 5372 Romanis
1379 5328 1434 5372 c.
1488 5311 1784 5372 87—209
1842 5308 1935 5374 ita
1994 5317 2251 5375 secutus
2311 5315 2443 5389 est,
2509 5314 2581 5372 ut
2637 5314 2905 5392 excepto
2965 5328 3091 5373 uno
3136 5308 3273 5372 loco
3325 5312 3661 5371 111-114
3707 5329 3787 5373 ex

530 5426 818 5491 Rufianis
877 5426 1113 5491 inserto
1173 5427 1392 5492 aliena
1435 5429 1615 5493 nulla
1660 5429 2121 5514 interponeret,
2191 5430 2519 5514 complura
2564 5427 2914 5510 omitteret,
2983 5428 3185 5493 multa
3226 5428 3296 5492 in
3342 5428 3786 5514 compendium

528 5546 885 5630 redigeret,
950 5548 1257 5632 pleraque
1316 5555 1531 5614 autem
1592 5549 1750 5634 ipsis
1810 5550 2024 5615 verbis
2083 5550 2344 5617 retentis
2396 5549 2727 5614 redderet:
2796 5549 2863 5613 id
2908 5549 3081 5632 quod
3127 5548 3236 5613 ubi
3279 5547 3582 5613 Floriana
3625 5548 3789 5613 inci-

528 5668 711 5751 piunt
767 5667 891 5732 etsi
949 5675 1270 5733 auctorem
1331 5690 1456 5733 non
1516 5669 1837 5752 nominat,
1902 5678 2118 5736 tamen
2176 5671 2337 5736 satis
2384 5670 2703 5753 significat
2749 5669 2963 5735 verbis
3031 5676 3133 5734 ‘ut
3175 5670 3507 5755 ipsorum',
3572 5669 3642 5734 id
3688 5677 3788 5734 est

392 5781 402 5785 ⁹
530 5789 977 5870 Romanorum,
1038 5789 1284 5854 ‘verbis
1332 5790 1720 5871 loquamur'.
1799 5791 1969 5856 unde
2017 5793 2177 5857 haec
2221 5813 2370 5876 pars
2418 5793 2632 5877 operis
2677 5813 2718 5855 a
2763 5791 3200 5873 grammaticis
3244 5791 3563 5856 erroribus
3596 5791 3785 5874 longe
