4882 6775
1141 482 1257 546 LX
2527 481 2986 537 PROOEMIVM.

1141 706 1372 771 librum
1417 706 1703 790 proxime
1737 706 2149 773 accedentem
2193 706 2279 773 ad
2322 706 2836 772 Breslaviensem
2858 709 2984 789 ¹⁰⁴),
3036 727 3305 790 quocum
3350 707 3628 792 plurima
3670 728 3711 773 a
3754 708 4015 791 reliquis
4058 706 4391 773 codicibus

228 863 285 911 -ὲ,
322 859 392 903 αις
452 814 846 886 eahfeffl'·
1099 811 1110 905 l
1143 826 1359 893 aliena
1401 826 1760 892 communia
1802 827 2145 912 habet105),
2195 847 2313 893 nec
2357 833 2576 893 tamen
2617 826 2829 912 ipsum
2874 827 3193 913 expressit
3211 830 3340 910 ¹⁰⁶).

32 892 425 1051 “fis'omt.
474 922 609 1017 97,
764 946 1119 1047 gggffffigg
1316 947 1878 1013 menommffls
1911 969 1977 1013 ιι.
2029 950 2154 1012 203
2214 947 2386 1031 (olim
2429 946 2578 1013 hist.
2630 946 2794 1031 prof.
2845 950 3004 1025 6523
3053 947 3405 1015 Enruicher
3446 969 3512 1013 ιι.
3562 952 3707 1032 404)
3752 949 4018 1015 membr.
4067 966 4240 1014 saec.
4288 948 4387 1013 xl

24 1057 453 1168 ,afffflffffl
482 1033 599 1113 224«
614 1060 713 1119 Ἢ
750 1088 763 1091 ”
1144 1068 1425 1135 continet
1465 1067 1757 1133 Iordanis
1789 1066 2016 1133 Getica
2057 1074 2123 1134 et
2163 1068 2454 1133 Romana
2496 1073 2560 1134 et
2601 1067 2774 1134 inter
2815 1075 3149 1152 utrumque
3194 1069 3487 1136 libellum
3529 1069 3972 1154 interpositum
4016 1076 4387 1154 excerptum

39 1148 51 1215 I
86 1190 287 1277 15:51⁴
328 1187 415 1252 vd
460 1192 544 1247 ’Ἠ
566 1232 569 1241 ·
588 1188 595 1237 ·’
616 1176 697 1244 16(
718 1230 723 1247 .
743 1147 993 1270 lg-'Sc'l
1020 1183 1032 1195 ’
1144 1188 1317 1274 quod
1347 1163 1579 1254 dicitur
1606 1207 1688 1255 ex
1718 1187 1983 1255 historia
2013 1187 2288 1271 Gallica,
2339 1187 2421 1253 de
2452 1208 2577 1271 quo
2609 1187 2771 1254 dixit
2799 1189 2930 1254 Iac.
2968 1188 3211 1254 Grimm
3243 1190 3521 1253 deutsche
3550 1190 3795 1272 Mythol.
3832 1187 3933 1254 ed.
3973 1192 4011 1252 2
4042 1210 4110 1273 p.
4146 1191 4268 1253 260
4284 1208 4383 1272 sq.

1145 1309 1609 1376 contaminatus
1653 1315 1753 1375 est
1793 1328 1875 1375 ex
1919 1308 2140 1374 ordine
2184 1307 2305 1374 hoe
2334 1314 2399 1374 et
2443 1308 2666 1392 primo.
2745 1309 3036 1375 Romana
3078 1309 3356 1375 vidimus
3400 1308 3608 1394 prima
3651 1310 3860 1375 classe
3906 1308 4211 1375 librorum
4250 1309 4392 1373 sola

1145 1436 1400 1498 servata
1443 1449 1621 1508 esse3
1674 1428 1903 1495 Getica
1946 1428 2271 1513 specimen
2316 1428 2670 1495 subiectum
2696 1432 2789 1514 ¹⁰⁷)
2840 1429 3064 1515 (praef.
3101 1437 3165 1497 et
3193 1451 3248 1495 c.
3289 1432 3345 1513 3)
3401 1428 3681 1496 ostendit
3725 1435 3896 1495 stare
3925 1428 3992 1494 in
4021 1429 4387 1495 universum

1143 1572 1285 1618 cum
1342 1550 1565 1617 ordine
1623 1548 1906 1616 secundo
1929 1600 1944 1631 ,
2004 1568 2274 1631 quocum
2320 1555 2385 1615 et
2427 1548 2734 1615 lectiones
2778 1549 3088 1635 plurimas
3133 1569 3502 1616 communes
3545 1550 3786 1616 habent
3830 1555 3895 1615 et
3936 1549 4153 1616 hiatus
4198 1568 4389 1632 quos-

1143 1671 1292 1738 dam
1346 1674 1437 1755 (ut
1480 1673 1584 1753 58,
1638 1673 1727 1752 3),
1794 1668 1911 1735 sed
1953 1668 2107 1735 item
2151 1669 2353 1734 multa
2396 1669 2635 1735 habere
2671 1689 2751 1735 ex
2795 1669 3019 1736 ordine
3063 1671 3266 1755 primo
3311 1670 3562 1736 adscita
3588 1672 3712 1754 ¹⁰⁵).
3793 1670 4388 1737 contaminationem

1142 1813 1219 1859 eo
1256 1791 1451 1858 modo
1497 1791 1924 1875 significatam
1970 1797 2153 1856 extra
2194 1788 2461 1856 dubium
2506 1795 2751 1874 ponunt
2793 1789 3258 1874 geminationes
3301 1790 3371 1856 in
3416 1790 3579 1857 libro
3617 1790 4093 1857 Vindobonensi
4135 1790 4228 1856 ita
4268 1789 4389 1855 ad-

1141 1912 1414 1994 missae,
1476 1919 1546 1978 ut
1593 1903 1866 1993 u'traque
1910 1910 2097 1976 lectio
2139 1910 2208 1974 in
2251 1908 2540 1976 ordinem
2583 1910 2922 1976 verborum
2981 1918 3240 1995 recepta
3298 1911 3413 1989 sit3
3481 1911 3764 1997 exempli
3822 1931 4019 1978 causa
4074 1932 4138 1996 p.
4193 1914 4293 1991 60,
4347 1915 4384 1974 5

1141 2035 1414 2096 romanis
1448 2037 1573 2115 OB,
1622 2034 1932 2117 yermam's
1976 2030 2231 2112 reliqui,
2284 2035 2558 2095 romanis
2600 2035 2910 2115 yermanis
2956 2029 3267 2111 Vindob.;
3318 2032 3556 2099 ibidem
3602 2034 3810 2116 infesti
3845 2052 4089 2117 puqnae
4133 2034 4390 2095 saeuitia
4489 2104 4500 2110 ἢ

1141 2158 1197 2217 Β
1251 2152 1434 2237 (quae
1477 2150 1888 2237 interpolatio
1933 2150 2243 2233 originem
2290 2151 2487 2217 traxit
2528 2170 2608 2218 ex
2646 2150 2919 2217 lectione
2951 2150 3169 2217 hiante
3200 2152 3438 2218 codicis
3471 2153 3761 2219 eiusdem
3793 2152 4082 2219 familiae
4110 2152 4387 2218 melioris

1148 2278 1197 2338 Ο
1220 2295 1431 2359 puyna
1475 2274 1741 2356 Senicio),
1788 2273 2145 2357 puqmzbanl
2190 2273 2437 2336 belm'na
2467 2276 2728 2337 saeuitia
2758 2271 3009 2355 reliqui,
3037 2270 3175 2336 'alie'
3204 2274 3455 2356 infestae
3485 2278 3714 2338 sem‘cia
3755 2295 3997 2359 puqnae
4035 2274 4390 2357 puqnobant

1142 2397 1386 2459 beluina
1428 2397 1647 2458 seuitia
1689 2391 2224 2459 vindobonensis.
2319 2393 2386 2458 in
2432 2393 2780 2477 archetypo
2822 2391 3018 2476 igitur
3068 2393 3325 2459 lectioni
3368 2414 3561 2460 verae
3622 2394 3866 2461 ordinis
3925 2393 4112 2479 primi
4169 2412 4392 2478 super-

1143 2513 1383 2599 scripta
1442 2512 1563 2580 fuit
1625 2513 2015 2599 interpolata
2073 2512 2316 2579 ordinis
2376 2512 2663 2579 secundi.
2770 2512 2920 2578 huic
2961 2512 3121 2578 libro
3166 2520 3231 2579 et
3291 2512 3597 2581 derivatis
3656 2535 3738 2580 ex
3797 2535 3872 2581 eo
3932 2514 4190 2599 propria
4247 2518 4393 2579 sunt

1142 2635 1363 2720 glossa
1407 2639 1701 2718 atttnqere
1743 2634 1807 2698 in
1854 2640 2099 2700 textum
2143 2632 2427 2699 admissa
2471 2654 2533 2718 p.
2587 2635 2693 2715 53,
2747 2636 2784 2697 3
2831 2639 2895 2700 et
2939 2633 3257 2700 emblema
3299 2635 3480 2700 Rom.
3534 2654 3587 2701 c.
3644 2638 3764 2699 324
3811 2657 3876 2720 p.
3920 2639 4026 2717 41,
4066 2636 4147 2696 32
4191 2636 4392 2699 statim

1146 2758 1339 2821 hostes
1390 2805 1406 2820 .
1447 2805 1463 2820 .
1505 2806 1520 2821 .
1563 2756 1759 2837 filium
1802 2776 2001 2819 suum.

1319 2877 1889 2943 anononssnffls
1933 2897 1996 2941 n.
2036 2877 2162 2939 226
2219 2875 2428 2957 (antea
2471 2874 2659 2940 Vniv.
2712 2874 2857 2958 690)
2911 2893 3083 2940 saec.
3119 2875 3265 2957 XII,
3323 2875 3473 2941 olim
3518 2876 3656 2942 Ioh.
3709 2875 4107 2961 cuspiniani,
4162 2873 4393 2940 deinde

1144 2997 1282 3062 Ioh.
1318 2995 1513 3063 Fabri
1544 2996 1828 3082 episcopi
1855 2990 2367 3063 vindobonensis
2404 2993 2773 3079 (Endlicher
2807 3015 2872 3059 n.
2909 2996 3088 3078 405),
3125 2995 3406 3061 continet
3433 2995 3727 3062 Iordanis
3758 2996 3986 3062 Getica
4014 3002 4079 3062 et
4108 2996 4395 3061 Romana

1143 3116 1520 3203 interposito
1566 3122 1865 3203 excerpto
1910 3138 1991 3183 ex
2036 3116 2302 3183 historia
2346 3115 2602 3181 Gallica
2645 3133 2841 3201 supra
2884 3112 3073 3198 dieto,
3126 3123 3463 3200 praeterea
3493 3116 3750 3182 Daretis
3795 3115 4126 3183 historiam
4171 3114 4394 3181 Troia-

1144 3259 1293 3305 nam
1351 3245 1417 3305 et
1470 3238 1667 3304 vitam
1711 3236 2035 3331 Apollonii
2079 3236 2279 3323 Tyrii.
2375 3235 2735 3321 descriptus
2781 3241 2879 3300 est
2923 3254 3005 3300 ex
3051 3234 3188 3300 cod.
3241 3235 3520 3303 Vindob.
3574 3239 3849 3321 203109).

1316 3358 1876 3426 ἮΝΒΟΒΟΝΕΝΒῙΒ
1921 3379 1985 3424 ιι.
2038 3360 2200 3424 3221
2263 3358 2475 3441 (antea
2518 3375 2644 3423 rec.
2696 3375 2760 3421 n.
2813 3358 2999 3441 2129)
3055 3356 3257 3423 chart.
3318 3375 3487 3424 saec.
3539 3357 3659 3424 XV
3714 3356 4080 3442 (Endlicher
4125 3377 4187 3422 n.
4239 3358 4386 3437 407)

1145 3481 1418 3567 scriptus
1463 3501 1524 3546 a.
1583 3485 1767 3563 1447,
1819 3479 2054 3547 deinde
2098 3501 2139 3545 a
2183 3478 2438 3545 doctore
2482 3476 2764 3543 Achacio
2809 3477 3076 3543 Pehaim
3128 3478 3317 3544 datus
3362 3479 3501 3544 Ioh.
3552 3479 4062 3563 FuchsmagenO,
4119 3477 4396 3544 continet

1142 3602 1475 3669 Aretinum
1520 3602 1601 3668 de
1645 3601 1816 3667 bello
1848 3600 2121 3684 Gottico,
2172 3598 2466 3666 Iordanis
2498 3597 2742 3679 Getica,
2796 3605 3169 3683 excerptum
3200 3619 3281 3665 ex
3312 3599 3580 3666 historia
3610 3598 3865 3665 Gallica
3902 3620 4098 3687 supra
4129 3599 4387 3682 dictum,

1143 3724 1467 3803 Daretem,
1520 3721 1813 3788 Iordanis
1857 3722 2166 3788 Romana.
2259 3719 2446 3787 fluxit
2487 3738 2568 3785 ex
2612 3719 2837 3785 eodem
2883 3718 3066 3785 libro.

1323 4019 1434 4081 104)
1478 4018 1676 4068 Subieci
1713 4032 1842 4080 quae
1887 4017 2041 4066 editio
2078 4029 2123 4064 c.
2163 4015 2194 4064 3
2230 4015 2383 4063 habet
2429 4029 2458 4062 ι
2493 4012 2830 4061 Breslaviensi
2875 4013 2997 4060 libro
3039 4012 3264 4061 diversa.-
3317 4029 3367 4075 Ρ.
3409 4012 3491 4075 58,
3535 4016 3566 4065 3
3614 4014 3746 4062 cedri
3792 4041 3861 4049 —
3906 4014 3940 4064 4
3974 4010 4139 4082 cuiue]
4186 4017 4290 4063 eius
4322 4042 4393 4051 —

1147 4108 1178 4157 5
1201 4109 1417 4154 vistulae
1446 4133 1516 4142 -—
1556 4105 1613 4155 11
1651 4107 1726 4153 hie
1765 4143 1777 4156 .
1812 4143 1824 4156 .
1856 4141 1869 4153 .
1908 4106 2095 4153 uiuunt
2131 4101 2273 4150 adest
2306 4128 2375 4137 -
2409 4098 2517 4167 ubi]
2554 4101 2619 4149 ibi
2655 4126 2724 4135 -
2763 4098 2825 4148 14
2860 4112 2977 4146 uero
3012 4099 3153 4147 adest
3186 4126 3255 4135 -
3291 4100 3357 4148 20
3393 4104 3463 4147 eet
3499 4101 3639 4148 adest
3669 4124 3739 4135 —
3787 4115 3836 4161 p.
3882 4099 3965 4161 59,
4012 4099 4033 4148 1
4076 4106 4171 4149 tres
4205 4097 4391 4167 yentee]

1144 4199 1312 4254 yentes
1347 4197 1442 4240 tres
1494 4220 1561 4230 —
1615 4191 1645 4241 2
1682 4187 1874 4256 ouium]
1909 4192 2086 4238 auium
2131 4215 2202 4224 -—
2248 4187 2279 4236 9
2314 4187 2404 4236 aab
2440 4187 2586 4235 humo
2619 4187 2777 4247 plana
2813 4200 2870 4234 ac
2905 4185 3063 4246 fertili
3103 4212 3174 4222 —
3224 4185 3284 4235 10
3323 4191 3368 4233 et
3403 4186 3544 4234 adest
3577 4212 3646 4223 —-
3688 4185 3747 4235 12
3785 4183 3853 4252 et]
3889 4201 3948 4235 ex
3982 4213 4051 4222 —
4085 4189 4389 4236 raumaricae

1143 4281 1414 4342 raynarieii
1446 4305 1517 4316 —-
1550 4294 1601 4341 p.
1644 4279 1725 4339 60,
1769 4276 1800 4325 5
1839 4275 2049 4336 infestae
2083 4276 2290 4323 saeuitia
2322 4287 2540 4334 puynae.
3816 4274 3825 4281 ·

1323 4365 1434 4426 105)
1479 4367 1555 4413 Ita
1590 4366 1642 4412 in
1680 4366 1844 4425 capite
1881 4364 2029 4410 citato
2064 4376 2176 4410 cum
2212 4361 2548 4408 Breslaviensi
2583 4364 2685 4408 stat
2719 4363 2888 4407 contra
2922 4358 3307 4408 Ottobonianum
3343 4374 3394 4420 Ρ.
3435 4359 3517 4421 58,
3560 4359 3625 4409 22
3674 4362 3902 4408 austrina
3939 4362 4086 4421 eiyna
4120 4386 4188 4394 —
4213 4374 4264 4423 Ρ.
4305 4357 4386 4421 59,

1152 4453 1207 4503 11
1246 4455 1391 4502 mixti
1421 4477 1491 4488 —
1532 4450 1593 4501 14
1628 4452 1799 4511 coyeni
1831 4476 1902 4485 —
1938 4464 1990 4511 Ρ.
2018 4450 2102 4510 60,
2145 4447 2175 4497 2
2199 4449 2381 4496 unixae
2413 4473 2484 4482 —
2520 4446 2550 4496 3
2575 4460 2679 4495 non
2711 4450 2826 4493 ante
2861 4458 3028 4494 omne-³
3063 4445 3146 4493 sed
3181 4450 3295 4494 ante
3328 4446 3524 4496 multoe.

1323 4539 1437 4602 106)
1479 4540 1654 4588 Glossa
1688 4552 1739 4598 Ρ.
1778 4537 1862 4596 58,
1914 4534 1970 4584 11
2012 4535 2086 4582 hic
2124 4572 2139 4586 .
2172 4568 2186 4582 .
2212 4571 2223 4582 .
2263 4535 2475 4595 uiuunt,
2529 4547 2658 4596 quae
2693 4549 2722 4581 a
2756 4533 3091 4581 Breslaviensi
3127 4533 3296 4593 abest,
3348 4532 3489 4581 adest
3534 4538 3587 4580 et
3631 4534 3684 4580 in
3729 4533 3950 4594 margine
3985 4531 4306 4580 Ottobonianl
4341 4536 4392 4578 et

1145 4628 1202 4675 in
1239 4627 1457 4676 editione
1492 4626 1742 4689 principe.
1834 4638 1885 4685 Ρ.
1932 4620 2045 4680 106,
2091 4618 2148 4668 11
2189 4632 2277 4683 pro
2322 4619 2491 4668 verbis
2537 4618 2597 4667 ab
2640 4631 2700 4667 ea
2728 4620 2896 4680 parati
2932 4632 3045 4666 curn
3081 4617 3360 4665 substituat
3395 4618 3756 4667 Breslaviensis
3792 4634 3902 4668 eam
3932 4620 4153 4679 putam,
4195 4619 4248 4665 in
4286 4618 4390 4666 edi-

1146 4766 1284 4814 tione
1328 4769 1605 4826 utrumque
1641 4766 1721 4810 est
1767 4760 1828 4808 ab
1864 4774 1922 4808 ea
1951 4760 2120 4820 parati
2154 4772 2264 4806 eam
2291 4758 2517 4819 putati„
2555 4769 2816 4804 commune
2853 4757 3006 4816 igitur
3041 4756 3362 4818 archetypum
3397 4756 3631 4806 habuerit
3666 4771 3872 4805 necesse
3908 4764 3983 4806 est
4019 4713 4175 4805 abezaeg
4196 4701 4385 4818 m.

1323 4859 1437 4920 107)
1478 4872 1529 4919 Ρ.
1570 4858 1652 4917 53,
1698 4859 1727 4907 3
1763 4851 2017 4920 etrinyere]
2052 4855 2290 4913 attinyere
2324 4854 2557 4912 etrinqere
2578 4877 2649 4887 —
2684 4851 2713 4901 7
2739 4852 3019 4913 actibusque
3042 4876 3111 4885 —
3136 4850 3444 4900 descendente
3477 4878 3549 4886 —
3584 4867 3634 4913 Ρ.
3671 4851 3754 4912 54,
3790 4850 3811 4899 1
3853 4865 3999 4912 super
4033 4864 4173 4899 omne
4209 4846 4389 4916 autem]

1145 4950 1346 5007 superat
1380 4958 1470 4993 noe
1506 4944 1594 4992 hoc
1627 4970 1696 4979 —
1733 4943 1763 4993 5
1799 4937 2030 5006 retinere]
2066 4945 2225 4989 tenere
2258 4966 2328 4974 -
2363 4938 2395 4987 6
2430 4938 2694 4988 dictatione
2725 4965 2796 4974 —
2831 4937 2861 4987 8
2897 4943 2952 4986 ut
2984 4941 3172 5000 (postea
3197 4937 3328 4996 add.)
3464 4953 3516 4999 Ρ.
3545 4939 3630 4997 58,
3676 4937 3698 4986 1
3739 4934 3937 5004 etenim]
3960 4940 4092 4986 enlm
4114 4964 4184 4973 -
4206 4935 4392 4985 cladium

1141 5032 1452 5095 ptholymem
1484 5057 1554 5066 —
1590 5029 1620 5079 2
1656 5034 1818 5078 arctoo
1852 5054 1921 5063 —
1956 5031 2153 5078 scanzia
2190 5031 2241 5074 et
2277 5029 2349 5075 sic
2383 5026 2621 5089 deinceps
2644 5052 2714 5061 —
2745 5025 2774 5074 3
2799 5025 2931 5073 cedri
2966 5052 3035 5060 —-
3070 5021 3241 5090 ducta]
3276 5023 3478 5072 ductum
3511 5051 3581 5060 —
3616 5025 3676 5072 de
3712 5038 3811 5085 qua
3853 5060 3865 5073 .
3899 5061 3911 5074 .
3944 5060 3955 5071 .
3997 5026 4212 5085 positam
4245 5021 4394 5082 refert

1147 5133 1244 5168 om.
1282 5144 1353 5153 —
1390 5117 1420 5166 5
1456 5112 1697 5182 flumim‘e]
1722 5116 1869 5178 fluuii
1903 5141 1972 5150 —
2013 5113 2074 5164 10
2112 5117 2317 5162 exeunte
2350 5138 2419 5147 —
2460 5110 2520 5159 13
2558 5111 2783 5171 ferentur
2812 5110 2973 5173 (corr.)
3001 5137 3072 5147 —
3100 5109 3159 5158 15
3196 5106 3389 5175 eorum]
3413 5124 3584 5158 earum
3607 5137 3673 5146 -
3693 5110 3992 5171 ptholomeus
4027 5135 4096 5144 —
4137 5107 4198 5157 16
4234 5107 4394 5167 frique

1144 5232 1215 5242 —
1257 5203 1317 5254 19
1355 5205 1463 5251 luce
1496 5205 1668 5251 vicem.
1696 5226 1765 5235 —
1799 5215 1930 5249 neec.
1971 5201 2091 5249 clar.
2128 5226 2198 5235 —
2234 5198 2299 5248 22
2326 5195 2556 5247 austrina
2593 5201 2733 5259 eiyna
2766 5224 2835 5232 —
2872 5194 3007 5263 illos]
3047 5199 3146 5245 illie
3181 5223 3250 5232 —
3285 5211 3334 5257 p.
3368 5197 3451 5256 59,
3497 5194 3521 5244 1
3549 5197 3810 5258 crefennae
3843 5221 3912 5231 ·—
3949 5194 3980 5244 2
4006 5199 4175 5244 ouium
4198 5197 4395 5243 auiam-

1151 5305 1241 5354 ραι
1269 5315 1339 5326 -
1375 5289 1644 5348 4thor1'n95
1677 5311 1747 5322 —
1770 5286 1800 5334 5
1827 5286 2117 5348 saphyrinaa
2148 5287 2307 5347 pellae
2341 5310 2411 5321 —
2449 5286 2479 5336 8
2506 5284 2688 5332 theutes
2723 5284 2910 5344 uayoth
2940 5287 3112 5344 peryt'o
3145 5309 3216 5320 -—
3250 5283 3282 5333 9
3306 5279 3429 5348 uno]
3466 5284 3538 5331 sic
3565 5296 3710 5343 corr„
3750 5296 3818 5332 m.
3853 5280 3877 5330 1
3917 5282 4106 5330 incerta
4141 5309 4209 5317 —
4238 5281 4394 5343 plana

1044 5431 1055 5436 ,
1146 5392 1205 5427 ae
1239 5377 1394 5438 fertili
1428 5402 1497 5411 —
1538 5373 1594 5423 11
1625 5375 1768 5421 mixti
1803 5386 2013 5433 euayrae
2046 5399 2116 5408 -
2157 5371 2217 5422 13
2242 5368 2431 5438 eorum]
2469 5371 2640 5418 horum
2675 5398 2745 5407 -
2785 5370 2845 5421 14
2882 5367 3086 5437 coynitt]
3121 5373 3289 5431 coyeni
3311 5395 3380 5404 —
3404 5384 3458 5433 p.
3486 5368 3569 5430 60,
3601 5369 3631 5418 2
3657 5371 3861 5431 acyanzt'
3891 5370 4056 5416 eunisre‘
4079 5367 4306 5428 ethelruqi
4327 5393 4396 5402 —

1148 5465 1178 5514 5
1214 5458 1487 5529 yermanie]
1522 5463 1737 5510 romanie
1771 5461 2017 5520 yermanie
2052 5485 2121 5494 -
2156 5460 2292 5506 inter
2325 5457 2614 5520 yrandioree
2650 5463 2703 5506 et
2731 5457 3029 5518 puynabant
3061 5459 3160 5507 ins.
3200 5459 3292 5505 alii
3336 5457 3596 5519 (suprascr.
3638 5457 3676 5517 e)
3719 5454 3928 5516 infestae
3963 5456 4144 5503 seuieia
4177 5467 4388 5514 puynae.

1324 5548 1436 5608 108)
1479 5549 1556 5597 Ita
1591 5547 1734 5596 adest
1770 5544 1853 5608 58,
1899 5543 1955 5593 11
2000 5543 2194 5606 quidem
2229 5546 2471 5593 omissum
2507 5545 2560 5592 in
2603 5544 2725 5604 OB,
2775 5546 2897 5593 item
2934 5543 3018 5604 77,
3058 5543 3091 5592 4
3137 5543 3503 5592 nundinarium
3535 5541 3870 5592 nandiliart'ue
3905 5544 4075 5601 yenm‘t
4122 5540 4305 5602 pariter
4338 5540 4392 5586 in

1151 5637 1331 5685 iisdem
1366 5638 1624 5698 omissum,
1665 5634 1952 5694 legiturque
1989 5629 2073 5693 59,
2116 5630 2146 5679 2
2183 5632 2356 5679 ouium
2392 5632 2654 5692 cuicunque
2690 5636 2744 5678 et
2779 5629 2860 5693 59,
2904 5630 2936 5679 4
2970 5629 3196 5690 ruebam,
3239 5630 3324 5677 ubi
3361 5627 3594 5678 matham
3628 5629 3814 5678 habent
3853 5628 3963 5677 OB.

1328 5722 1442 5784 109)
1485 5724 1543 5771 ln
1581 5722 1686 5770 loco
1721 5719 1975 5769 diacritlco
2009 5733 2062 5780 Ρ.
2104 5718 2187 5780 60,
2232 5715 2262 5765 5
2312 5717 2457 5765 adest
2505 5717 2691 5780 duplex
2726 5717 2878 5766 lectio
2913 5717 3098 5780 pariter
3146 5721 3300 5780 atque
3348 5715 3404 5764 in
3438 5715 3823 5764 vindobonensi
3859 5713 3988 5777 203,
4030 5713 4119 5762 sed
4160 5713 4274 5760 aliie
4310 5726 4396 5775 pro

1151 5811 1261 5861 alti.
1337 5811 1471 5859 idem
1505 5810 1611 5860 fere
1650 5808 1781 5859 valet
1816 5806 1878 5855 de
1911 5807 1976 5855 ils
2011 5807 2101 5871 qui
2137 5811 2434 5868 sequuntur.
