4882 6775
441 1633 498 1673 io

436 2150 497 2189 ¹5

432 2662 495 2705 20

2013 496 2314 554 GETICA.
3673 502 3691 561 1
3708 500 3790 562 09

538 684 816 751 hostium
878 666 1100 751 ductor
1157 687 1237 752 de
1296 693 1476 771 parte
1534 687 1808 751 adversa
1867 687 2268 752 occumberet
2319 686 2737 769 relictamque
2782 686 3109 751 victoriam
3155 706 3273 751 sua
3317 694 3516 752 morte
3563 687 3788 752 trium·
3832 683 4150 751 XXXVII

539 789 738 873 phum
799 788 1112 855 foedaret.
1197 798 1476 872 ‘cumque
1521 789 1722 854 Attila
1779 809 2001 854 necem
2048 789 2253 869 Aetii,
2320 789 2493 872 quod
2548 789 2688 854 eius
2746 788 3021 854 motibus
3080 789 3417 869 obviabat,
3482 791 3585 856 vel
3645 811 3787 856 cum

541 911 660 956 sua
717 892 1077 976 perditione
1139 892 1402 958 duceret
1460 892 1920 975 expetendam,
1987 892 2103 957 tali
2161 892 2504 976 praesagio
2564 892 2910 972 sollicitae,
2979 899 3049 956 ut
3093 900 3231 957 erat
3276 892 3676 957 consiliorum
3723 895 3790 959 in

541 995 729 1060 rebus
774 995 1027 1059 bellicis
1073 996 1441 1077 exquisitor,
1497 995 1666 1060 circa
1711 1015 1943 1059 nouam
1993 994 2118 1059 diei
2167 995 2390 1060 horam
2436 996 2748 1079 proelium
2798 995 2916 1059 sub
2961 994 3385 1079 trepidatione
3432 997 3780 1076 committit,

541 1102 628 1177 ut,
682 1096 738 1161 si
784 1116 971 1162 secus
1016 1099 1296 1179 cederet,
1348 1118 1473 1163 uox
1519 1098 1858 1162 imminens
1905 1098 2296 1162 subveniret.

711 1200 1084 1266 Convenere
1144 1210 1390 1285 partes,
1460 1210 1528 1266 ut
1581 1200 1892 1279 diximus,
1959 1202 2022 1264 in
2073 1220 2333 1285 campos
2378 1200 2853 1267 catalaunicos.
2947 1209 3087 1266 erat
3130 1208 3343 1265 autem
3388 1202 3620 1285 positio
3665 1203 3788 1268 loci

539 1301 773 1367 declivi
817 1310 1063 1369 tumore
1108 1304 1173 1368 in
1220 1304 1462 1369 editum
1510 1303 1694 1369 collis
1740 1323 2142 1369 excrescens.
2236 1323 2423 1387 quem
2486 1310 2752 1385 uterque
2799 1304 3064 1388 cupiens
3109 1304 3430 1368 exercitus
3475 1305 3782 1388 obtinere,

537 1404 688 1486 quia
731 1406 855 1470 loci
902 1407 1296 1490 oportunitas
1341 1428 1468 1472 non
1513 1428 1774 1491 parvum
1823 1407 2184 1472 benificium
2231 1406 2493 1487 confert,
2549 1408 2838 1472 dextram
2885 1415 3130 1491 partem
3178 1407 3395 1472 Hunni
3441 1428 3584 1473 cum
3626 1409 3781 1490 suis,

538 1508 865 1573 sinistram
911 1511 1180 1574 Romani
1241 1518 1304 1575 et
1350 1510 1754 1593 vesegothae
1812 1531 1954 1575 cum
2015 1509 2371 1574 auxiliariis
2431 1518 2855 1594 occuparunt,
2921 1510 3268 1592 relictoque
3329 1511 3409 1575 de
3456 1511 3788 1578 cacumine

539 1611 677 1675 eius
733 1610 889 1695 iugo
950 1619 1270 1678 certamen
1331 1613 1574 1678 ineunt.
1673 1614 1964 1678 dextrum
2010 1613 2226 1697 itaque
2274 1632 2533 1677 cornum
2580 1633 2722 1678 cum
2767 1613 3152 1695 Vesegothis
3198 1613 3644 1679 Theoderidus
3689 1621 3790 1679 te-

537 1714 765 1787 nebat,
821 1715 1146 1782 sinistrum
1191 1716 1416 1782 Aetius
1463 1737 1605 1782 cum
1652 1716 1988 1795 Romanis,
2042 1717 2449 1781 conlocantes
2492 1716 2559 1780 in
2604 1716 2816 1782 medio
2863 1716 3382 1799 Sanguibanum,
3443 1736 3633 1798 quem
3680 1738 3789 1781 su-

538 1817 752 1900 perius
809 1819 1169 1884 rettulimus
1227 1818 1586 1903 praefuisse
1631 1820 1892 1898 Alanis,
1957 1819 2371 1904 providentes
2432 1820 2708 1884 cautioni
2756 1819 3052 1901 militari,
3121 1826 3192 1884 ut
3234 1839 3416 1899 eum,
3483 1820 3563 1884 de
3610 1820 3791 1885 cuius

537 1919 748 1985 animo
818 1922 1030 1986 minus
1098 1923 1628 2006 praesumebant,
1710 1922 1994 1987 fidelium
2063 1922 2253 1988 turba
2317 1922 2790 1987 concluderent.
2907 1921 3098 1987 facile
3167 1942 3441 2005 namque
3508 1922 3791 1988 adsumit

536 2024 864 2107 pugnandi
911 2025 1392 2107 necessitatem,
1460 2025 1562 2090 cui
1607 2025 1898 2107 fugiendi
1942 2024 2267 2108 inponitur
2313 2024 2685 2090 difficultas.
2780 2045 2816 2090 e
2860 2025 3115 2090 diverso
3162 2046 3312 2091 vero
3358 2026 3480 2090 fuit
3524 2027 3790 2093 Hunno-

537 2146 672 2189 rum
719 2128 893 2193 acies
939 2129 1263 2207 ordinata,
1332 2136 1401 2194 ut
1444 2129 1510 2193 in
1557 2128 1765 2193 medio
1809 2128 2012 2193 Attila
2058 2148 2200 2193 cum
2247 2129 2380 2193 suis
2428 2128 2794 2194 fortissimis
2839 2129 3185 2209 locaretur,
3254 2129 3374 2194 sibi
3421 2129 3631 2212 potius
3678 2149 3791 2194 rex

537 2231 658 2296 bac
701 2231 1100 2296 ordinatione
1146 2232 1579 2316 prospiciens,
1643 2240 1959 2314 quatenus
2017 2232 2183 2295 inter
2242 2232 2456 2314 gentis
2516 2251 2672 2296 suae
2733 2213 2926 2296 riibor
2985 2232 3229 2315 positus
3291 2232 3372 2296 ab
3432 2231 3792 2296 imminenti

536 2334 816 2418 periculo
862 2334 1237 2401 redderetur
1282 2342 1609 2419 exceptus.
1694 2354 1928 2400 cornua
1974 2354 2126 2400 vero
2175 2334 2315 2399 eius
2361 2334 2752 2418 multiplices
2797 2334 3017 2419 populi
3049 2340 3113 2399 et
3142 2333 3438 2399 diversae
3470 2335 3783 2415 nationes,

533 2457 693 2519 quos
739 2438 976 2503 dicioni
1022 2457 1181 2503 suae
1228 2437 1620 2519 subdiderat,
1674 2437 2065 2503 ambiebant.
2145 2437 2311 2502 inter
2354 2456 2518 2520 quos
2551 2437 3078 2519 Ostrogotharum
3122 2437 3564 2521 praeminebat
3601 2458 3787 2503 exer-

534 2540 697 2606 citus
742 2540 1069 2606 Valamire
1114 2548 1179 2606 et
1222 2541 1649 2606 Theodemire
1696 2547 1761 2606 et
1788 2540 2129 2605 Videmere
2177 2542 2502 2623 germanis
2547 2540 2982 2621 ductantibus,
3033 2541 3175 2624 ipso
3221 2539 3415 2604 etiam
3462 2559 3637 2622 rege,
3691 2540 3793 2606 cui

534 2650 688 2708 tunc
733 2644 1120 2725 serviebant,
1173 2643 1621 2725 nobilioribus,
1676 2645 1825 2727 quia
1855 2645 2226 2709 Amalorum
2272 2643 2531 2727 generis
2578 2663 2689 2708 eos
2733 2642 3024 2727 potentia
3052 2643 3472 2718 inlustrabat;
3527 2650 3791 2724 eratque

533 2754 596 2811 et
656 2746 1051 2831 Gepidarum
1108 2746 1350 2830 agmini
1406 2747 1853 2812 innumerabili
1914 2768 2028 2813 rex
2087 2748 2197 2812 ille
2256 2746 2727 2811 famosissimus
2773 2745 3151 2825 Ardaricus,
3220 2746 3329 2828 qui
3389 2746 3469 2810 ob
3527 2745 3791 2810 nimiam

533 2869 714 2914 suam
760 2849 1138 2915 fidelitatem
1186 2869 1342 2931 erga
1373 2850 1578 2914 Attila
1621 2849 1764 2914 eius
1809 2849 2095 2915 consiliis
2140 2849 2464 2914 intererat.
2553 2869 2698 2913 uam
2750 2849 3155 2932 perpendens
3186 2848 3388 2912 Attila
3434 2848 3790 2931 sagacitate

532 2971 668 3033 sua,
722 2973 867 3018 eum
915 2959 979 3018 et
1022 2952 1448 3033 Valamerem,
1502 2953 2027 3035 Ostrogotharum
2076 2973 2331 3036 regem,
2385 2972 2579 3036 super
2623 2958 2869 3017 ceteros
2914 2952 3171 3034 regulos
3219 2950 3556 3033 diligebat.
3651 2957 3790 3015 erat

701 3435 753 3482 H
777 3436 821 3483 P
851 3436 954 3484 VL
980 3437 1021 3482 A
1054 3435 1163 3482 OB
1189 3437 1237 3483 X
1263 3437 1433 3498 (YZ).
1531 3436 1717 3484 Paulus
1754 3436 1799 3486 h.
1843 3436 1903 3485 Β.
1949 3440 2042 3499 14,
2088 3439 2118 3484 5
2162 3436 2243 3498 (ad
2281 3437 2310 3484 5
2349 3437 2684 3496 subveniret).
2765 3439 2857 3495 14,
2902 3435 2933 3481 ‘2
2974 3433 3058 3492 (18
3095 3436 3226 3482 inter
3259 3460 3330 3470 ——
3367 3431 3425 3482 21
3471 3433 3781 3496 Ardericus).

517 3505 789 3581 'stewlfus
827 3523 877 3584 2,
921 3524 969 3582 5,
1017 3526 1076 3569 u
1118 3522 1166 3579 (4
1206 3524 1332 3569 circa
1366 3549 1437 3559 —
1473 3523 1502 3571 5
1541 3523 1862 3582 subveniret;
1905 3525 2018 3569 item
2060 3522 2119 3570 17
2161 3523 2465 3584 multiplices
2502 3549 2572 3558 —
2616 3521 2677 3571 18
2716 3521 3042 3579 subdiderat).

701 3727 720 3777 1
766 3730 1038 3789 relictaque
1076 3729 1289 3776 uictoria
1325 3728 1431 3787 AB,
1487 3728 1833 3790 reliquamque
1870 3729 2130 3776 uictoriam
2169 3729 2216 3775 X
2227 3728 2308 3776 YZ
2586 3723 2763 3793 morte]
2801 3733 2969 3775 mente
3009 3726 3051 3775 O
3330 3724 3360 3774 2
3400 3722 3642 3792 foedaret]
3680 3727 3787 3774 soe-

524 3815 725 3862 deratur
765 3813 824 3873 O,
879 3813 1152 3861 foederaret
1189 3813 1232 3860 Β
1508 3814 1669 3861 attilia
1709 3813 1780 3861 Ο·ι
2057 3814 2180 3862 actii
2216 3814 2359 3861 HPV
2632 3814 2764 3874 quod
2800 3809 2935 3879 eius]
2970 3817 3057 3875 qui
3097 3815 3206 3862 eius
3244 3813 3350 3874 LX,
3407 3814 3494 3873 qui
3530 3814 3639 3860 suis
3685 3813 3725 3861 Υ

524 3900 766 3947 mortibus
813 3898 902 3945 OB
1203 3897 1233 3946 3
1271 3899 1615 3961 expedendam
1658 3899 1717 3958 O,
1758 3901 2098 3962 expetendum
2139 3901 2184 3947 Χ
2459 3900 2657 3948 sollitus
2695 3899 2739 3946 A
3034 3900 3065 3948 4
3103 3900 3207 3948 diei
3244 3894 3435 3964 boram]
3472 3898 3585 3946 diae
3621 3912 3705 3946 ora
3744 3897 3788 3944 O

527 3984 556 4033 5
594 3980 763 4050 secus]
800 3998 974 4032 securo
1017 3983 1077 4043 O,
1120 3998 1214 4032 non
1253 3999 1397 4033 secus
1437 3984 1482 4031 Β
1725 3985 1900 4033 cedere
1944 3984 2032 4033 OB
2276 3988 2505 4033 eminens
2547 3984 2588 4032 O
2854 3985 2886 4035 6
2923 3980 3228 4050 conuenere]
3265 3986 3534 4033 conuenire
3572 3983 3625 4045 V,
3667 3998 3790 4033 con-

525 4076 717 4119 uertere
760 4071 818 4132 O,
863 4076 1179 4118 conuerteret
1215 4071 1257 4117 B
1511 4067 1730 4137 campos]
1766 4075 1934 4133 partes
1967 4073 2020 4132 (2²)
2064 4070 2138 4118 Ι]
2386 4067 2581 4136 autem]
2618 4073 2755 4119 enim
2794 4072 2930 4118 ΧΥΖ
3209 4071 3234 4117 ἰ·
3275 4066 3485 4135 declini]
3520 4069 3694 4118 dediui
3730 4069 3782 4130 V,

523 4158 717 4205 declino
755 4157 817 4216 A,
861 4170 957 4205 om.
989 4155 1033 4201 B
1239 4157 1381 4205 editu
1419 4157 1478 4218 L,
1523 4157 1744 4205 medium
1788 4156 1847 4217 O,
1890 4157 2086 4205 modum
2124 4156 2169 4203 Β
2376 4159 2663 4205 excriscens
2706 4156 2749 4204 O
2956 4152 3131 4222 quem]
3168 4169 3264 4216 que
3307 4155 3350 4203 O
3577 4154 3607 4203 8
3645 4150 3788 4220 quia]

524 4243 652 4305 quod
690 4246 734 4291 A
1012 4239 1346 4307 oportunitas]
1382 4242 1590 4303 HPVL,
1631 4256 1745 4306 opp.
1786 4244 1872 4300 rel.
2157 4239 2345 4309 henin]
2380 4243 2448 4303 Η,
2490 4244 2658 4292 benef.
2700 4243 2785 4291 rel.
3070 4243 3293 4290 conferet
3335 4239 3394 4298 O,
3435 4241 3685 4289 conferret
3719 4239 3783 4301 Β,

524 4334 747 4391 praestat
784 4330 823 4375 A
1062 4328 1319 4376 dexteram
1363 4328 1454 4376 OB
1696 4328 1727 4377 9
1765 4335 2140 4391 occupauerunt
2175 4328 2269 4376 LX
2279 4328 2318 4374 Υ
2538 4343 2635 4391 que
2672 4343 2769 4378 om.
2801 4329 2842 4374 A
3070 4323 3351 4394 cacumine]
3387 4326 3783 4389 HPVLAXYZ,

525 4416 797 4464 cacuminis
841 4413 930 4461 OB
1156 4414 1216 4463 10
1251 4416 1371 4475 iugo
1407 4429 1504 4463 om.
1536 4415 1580 4463 L
1787 4420 2035 4463 certamen
2076 4412 2281 4480 ineunt]
2319 4415 2473 4474 ΧΥΖ,
2517 4416 2791 4463 certamine
2832 4416 3109 4474 (certamini
3146 4414 3207 4474 Α)
3249 4414 3428 4475 reliqui
3636 4428 3787 4462 cornu

525 4501 710 4550 LOBX
722 4502 761 4549 Y
965 4514 1078 4548 cum
1116 4514 1225 4551 nes.
1265 4501 1586 4549 theodoridus
1623 4501 1682 4560 X,
1725 4515 1837 4548 cum
1874 4514 1984 4549 nes.
2025 4500 2335 4548 theodoritus
2377 4501 2488 4562 OB,
2529 4499 2851 4548 theodoridus
2887 4513 2998 4548 cum
3036 4514 3144 4548 nes.
3177 4500 3219 4547 L
3433 4498 3489 4548 11
3531 4501 3788 4548 sinistram

535 4587 574 4633 V
778 4583 967 4651 aetius]
1004 4588 1145 4636 aeine
1171 4587 1229 4647 P,
1273 4589 1384 4635 eius
1414 4585 1457 4633 O
1665 4583 2055 4652 sanguibanum]
2093 4586 2248 4647 HPV,
2293 4587 2658 4647 sangnibanum
2686 4585 2748 4646 L,
2790 4587 3117 4646 sangibanum
3144 4585 3283 4633 ABX
3293 4586 3345 4647 Υ,
3387 4586 3714 4646 sangibanum
3744 4585 3788 4633 O

529 4672 590 4724 12
626 4669 868 4739 cautioni]
905 4670 1247 4732 HPVLOXY,
1288 4675 1518 4721 cautione
1555 4671 1650 4719 AB
1856 4668 2083 4736 militari]
2120 4672 2353 4720 familiari
2393 4671 2489 4719 ΧΥ
2693 4669 2833 4737 eum]
2869 4685 2983 4719 cum
3025 4671 3111 4717 H‘
3361 4671 3421 4721 13
3459 4668 3628 4737 turba]
3663 4685 3785 4720 con-

521 4761 667 4808 turba
708 4759 767 4820 O,
809 4773 925 4807 eum
962 4760 1110 4808 turba
1145 4758 1204 4820 B,
1249 4760 1422 4806 turbae
1462 4757 1601 4806 XYZ
1808 4757 2169 4807 concluderunt
2212 4762 2369 4818 (-rent
2410 4755 2493 4817 02)
2533 4764 2588 4805 ut
2625 4757 2728 4805 vid.
2777 4756 2858 4817 Οἱ,
2901 4758 3216 4806 concluderet
3255 4757 3346 4805 LA
3583 4756 3644 4805 14
3681 4757 3785 4806 dif-

521 4841 739 4912 ficultas]
778 4846 1056 4895 necessitas
1093 4843 1165 4891 Aa
1409 4844 1647 4892 honorum
1692 4843 1735 4891 O
2008 4843 2068 4892 15
2105 4845 2459 4893 fortissimusis
2502 4845 2602 4904 (sic)
2649 4845 2693 4891 A
2938 4844 3039 4891 sibi
3079 4844 3142 4903 (si
3187 4842 3247 4904 O)
3294 4880 3304 4890 .
3340 4879 3351 4891 .
3386 4880 3398 4892 .
3444 4842 3504 4891 17
3544 4849 3787 4906 exceptus

522 4934 576 4982 in
610 4933 764 4981 litura
802 4947 833 4980 a
869 4946 935 4979 m.
968 4935 993 4979 1
1036 4930 1081 4977 Β
1293 4928 1354 4978 16
1391 4925 1562 4995 rubor]
1599 4929 1806 4992 HPVO,
1848 4931 1995 4977 robur
2032 4928 2270 4977 LABXY
2474 4931 2717 4978 eminanti
2760 4929 2803 4977 O
3017 4928 3075 4977 17
3116 4941 3268 4977 cornu
3316 4929 3356 4975 V
3565 4928 3627 4978 18
3664 4943 3788 4991 quos

523 5015 599 5085 d.]
636 5017 845 5080 HPVO,
891 5032 1016 5080 quas
1055 5017 1103 5065 d.
1146 5015 1379 5064 LABXY
1642 5017 1877 5065 subderat
1912 5015 1956 5063 L
2217 5030 2339 5077 quas
2376 5016 2420 5062 A
2685 5015 3113 5075 hostrogotharum
3150 5014 3243 5063 LO
3516 5013 3575 5063 19
3612 5016 3788 5063 unala-

522 5108 646 5153 mire
687 5104 747 5163 O,
790 5104 1076 5152 unalamine
1110 5102 1201 5163 B‘,
1241 5103 1508 5151 unalamlri
1545 5089 1628 5162 Bb,
1671 5103 1918 5150 ualamere
1956 5102 2065 5159 ΧΖ,
2110 5102 2362 5150 uelamere
2408 5101 2450 5148 Υ
2741 5100 3051 5148 theudemeri
3093 5099 3153 5160 Ο,
3194 5101 3503 5149 theodomeri
3541 5101 3603 5160 Β,
3643 5103 3787 5150 theo·

522 5192 740 5239 derinire
779 5190 838 5250 Χ,
881 5188 1215 5237 theoder-mire
1259 5188 1315 5248 Z,
1358 5188 1675 5237 theudemiro
1719 5187 1761 5234 Υ
1963 5183 2248 5254 nidemere]
2285 5187 2491 5249 HPVX,
2538 5186 2786 5234 uidemire
2824 5187 2886 5246 A,
2927 5186 3200 5235 uuidimire
3239 5186 3343 5245 LB,
3388 5188 3682 5236 uindemere
3725 5188 3784 5250 Z,

521 5277 807 5325 uindemire
853 5275 907 5337 Υ,
948 5275 1236 5323 uulndmire
1277 5274 1382 5336 (sic)
1419 5273 1461 5321 O
1668 5276 1778 5334 ipse
1815 5287 1861 5322 e.
1901 5286 2016 5332 rege
2056 5271 2114 5333 P,
2155 5276 2322 5334 ipsum
2358 5287 2403 5321 e.
2447 5285 2611 5332 regem
2656 5271 2698 5318 O
2909 5270 2974 5320 20
3011 5268 3150 5337 quia]
3187 5274 3305 5333 quia
3341 5277 3393 5320 et
3429 5272 3473 5320 L
3680 5279 3785 5335 pot.

528 5363 806 5425 (pontentia
850 5359 910 5420 O)
951 5355 1074 5425 inl.]
1111 5361 1185 5408 ill.
1230 5365 1330 5421 pot.
1374 5361 1415 5406 A
1690 5355 1917 5425 eratque]
1953 5365 2193 5420 paratque
2236 5357 2324 5417 0⁰,
2364 5363 2688 5421 praeeratque
2734 5345 2800 5405 Οὸ
3075 5357 3135 5406 21
3179 5354 3255 5423 et]
3292 5372 3405 5406 cum
3452 5359 3503 5420 Υ,
3545 5372 3640 5407 om.
3675 5361 3722 5407 Χ

521 5449 805 5511 tepidamm
848 5447 892 5495 O
1122 5442 1332 5511 agmini]
1370 5444 1621 5506 HPVLO,
1661 5446 1859 5505 agmine
1894 5446 1983 5493 rel.
2222 5444 2666 5492 innumerabilium
2706 5445 2751 5491 A
2982 5443 3069 5492 ille
3106 5457 3201 5492 om.
3235 5445 3281 5491 A
3506 5440 3654 5510 fam.]
3688 5445 3788 5492 for-

520 5537 748 5585 tissimus
787 5542 840 5583 et
875 5534 1245 5581 famosissimus
1281 5532 1329 5579 Χ
1337 5531 1378 5578 Υ
1651 5529 1717 5579 22
1753 5544 1866 5591 ergo
1908 5531 1951 5579 O
2198 5526 2366 5596 attila]
2402 5530 2606 5590 HPVL,
2650 5531 2841 5578 attilam
2880 5529 3070 5578 ΑΟΒΧ
3079 5531 3120 5578 Υ
3369 5532 3638 5589 sagacitate
3673 5528 3786 5597 sua]

522 5621 642 5682 LO,
701 5621 1018 5680 sagacitatem
1057 5632 1200 5666 suam
1238 5617 1403 5680 BXY,
1464 5617 1669 5665 sacitate
1704 5631 1795 5665 sua
1832 5617 1935 5675 PV,
1995 5619 2233 5664 sacietate
2269 5631 2359 5664 sua
2395 5616 2451 5663 H
2459 5653 2472 5679 ‚
2532 5618 2770 5665 societate
2819 5631 2912 5664 sua
2947 5619 2991 5662 A
3270 5614 3333 5664 23
3372 5628 3487 5662 eum
3534 5629 3632 5665 om.
3674 5615 3719 5663 L

519 5709 857 5756 unalamerem
902 5705 972 5766 O,
1032 5704 1374 5752 unalamer-um
1424 5704 1495 5761 L,
1554 5703 1841 5750 nalamirem
1880 5703 1924 5750 A
1944 5739 1956 5761 ,
2016 5703 2342 5750 nnalamirem
2391 5701 2466 5761 B,
2525 5702 2828 5750 ualemerem
2874 5702 2920 5749 Χ
3193 5700 3588 5762 ostrogothorum
3628 5702 3782 5761 XYZ,

519 5810 615 5844 om.
659 5795 704 5841 A

3771 1203 3784 1218 ·
3834 1164 4187 1231 XXXVIII

3841 1253 3957 1315 197

3844 2026 3961 2089 198

3956 2210 3987 2243 s<
4038 2192 4359 2243 §.extra-11²

3840 2439 3960 2501 199

3834 2955 3959 3017 200
