4882 6775
1966 491 2268 549 GE'rch.
3669 496 3750 558 67

501 681 674 748 unde
705 683 900 748 etiam
934 682 1254 766 hodieque
1286 682 1512 767 lingua
1543 682 1846 768 Scythica
1876 682 2144 769 fugaces
2187 683 2358 768 quod
2403 690 2525 765 est,
2576 678 2796 749 Parthi
2828 681 3121 750 dicuntur
3142 686 3213 768 ¹),
3267 703 3507 768 suoque
3538 682 3759 768 generi
3804 683 3891 747 vl

502 786 964 871 respondentes
1007 780 1174 854 intei·
1217 806 1440 853 omnes
1483 808 1647 873 pene
1675 788 1876 854 Asiae
1920 789 2213 853 nationes
2258 788 2378 853 soli
2424 786 2745 871 sagittarii
2792 795 2941 853 sunt
2968 795 3036 853 et
3062 788 3351 854 acerrimi
3385 789 3752 853 bellatores.

503 888 585 955 de
630 890 884 957 nomine
928 910 1100 973 vero,
1154 891 1325 975 quod
1355 891 1638 957 diximus
1668 911 1780 958 eos
1808 892 2100 971 Parthos,
2156 891 2447 974 fugaces,
2497 892 2592 956 ita
2621 891 2934 974 aliquanti
2972 888 3511 976 aethymologiam
3542 899 3760 957 traxe·-

506 1000 671 1077 runt,
724 1001 795 1059 ut
838 993 1126 1059 dicerent
1169 996 1411 1076 Parthi,
1462 996 1616 1078 quia
1661 1015 1812 1061 suos
1857 996 2231 1079 refugerunt
2276 1002 2604 1079 parentes.
2697 995 2869 1060 hunc
2911 1014 3066 1079 ergo
3094 995 3495 1061 Thanausim
3538 1012 3757 1078 regem

440 1120 466 1160 5
507 1096 857 1161 Gothorum
902 1104 1216 1165 mortuum
1262 1098 1427 1163 inter
1469 1098 1736 1163 numina
1780 1099 1879 1163 sui
1925 1098 2144 1183 populi
2192 1100 2545 1163 coluerunt.

673 1201 827 1265 Post
877 1201 1058 1266 cuius
1105 1200 1442 1269 decessum
1489 1208 1553 1267 et
1597 1202 1878 1267 exercitu
1926 1202 2063 1267 eius
2108 1222 2252 1266 cum
2299 1220 2705 1267 successores
2750 1202 2955 1286 ipsius
2999 1200 3069 1266 in
3112 1201 3261 1266 aliis
3307 1192 3595 1285 partibus
3640 1220 3756 1265 ex·
3798 1200 3920 1267 VH
3966 1204 4049 1264 49

507 1302 830 1386 peditione
887 1305 1260 1388 gerentibus
1318 1305 1598 1370 feminae
1643 1304 1993 1371 Gothorum
2041 1326 2082 1370 a
2126 1305 2406 1389 quadam
2451 1305 2664 1370 vicina
2706 1312 2900 1388 gente
2942 1310 3336 1390 temptantur
3379 1305 3446 1369 in
3489 1304 3755 1389 praeda.

505 1426 671 1489 quae
717 1405 944 1471 doctae
988 1429 1029 1471 a
1073 1408 1230 1472 viris
1274 1407 1521 1473 fortiter
1564 1409 1942 1473 resisterunt
1983 1408 2330 1490 hostesque
2375 1426 2569 1492 super
2614 1428 2685 1473 se
2732 1408 3060 1474 venientes
3106 1427 3248 1473 cum
3296 1426 3533 1491 magna
3578 1426 3764 1473 vere—

505 1508 740 1573 cundia
798 1509 1163 1592 abigerunt.
1257 1530 1386 1592 qua
1440 1519 1732 1596 patratae
1790 1512 2056 1577 victoria
2100 1511 2429 1595 fretaeque
2476 1511 2736 1576 maioris
2782 1511 3058 1576 audacia
3100 1511 3374 1575 invicem
3419 1530 3491 1575 se
3535 1509 3762 1576 cohor-

410 1637 466 1677 ιο
504 1618 716 1677 tantes
770 1633 951 1678 arma
1004 1613 1319 1698 arripiunt
1375 1615 1830 1698 elegentesque
1891 1615 2054 1680 duas
2097 1612 2507 1679 audentiores
2553 1615 2863 1698 Lampeto
2908 1620 2975 1678 et
3016 1610 3340 1699 Marpesia
3382 1610 3760 1698 principatui

507 1715 957 1798 subrogarunt.
1051 1736 1217 1800 quae
1263 1716 1415 1781 dum
1461 1733 1677 1782 curam
1725 1724 1989 1800 gerunt,
2042 1724 2112 1781 ut
2155 1725 2223 1784 et
2265 1717 2526 1802 propria
2570 1716 2990 1782 defenderent
3034 1724 3100 1782 et
3140 1717 3359 1783 aliena
3401 1723 3753 1797 vastarent,
3806 1724 3888 1782 50

510 1818 769 1883 sortitae
802 1820 1112 1905 Lampeto
1156 1821 1389 1886 restitit
1429 1820 1590 1885 fines
1635 1820 1878 1906 patrios
1923 1820 2186 1901 tuende,
2240 1821 2565 1905 Marpesia
2608 1839 2759 1886 vero
2805 1820 3187 1885 feminarum
3219 1819 3479 1903 agmine
3510 1826 3766 1903 sumpta

508 1941 741 1986 novum
786 1941 990 2005 genus
1036 1924 1345 1988 exercitui
1389 1923 1573 1989 duxit
1613 1923 1683 1988 in
1718 1924 1942 1990 Asiam
1959 1928 2036 2005 ²),
2088 1923 2508 2006 diversasque
2554 1930 2781 2006 gentes
2811 1924 2985 1988 bello
3017 1940 3351 2007 superans,
3404 1921 3568 1986 alios
3611 1941 3765 1986 vero

511 2044 671 2107 pace
718 2024 1090 2105 concilians,
1143 2025 1229 2090 ad
1268 2026 1672 2093 Oaucbasum
1717 2027 1913 2109 veuit,
1966 2027 2183 2111 ibique
2228 2034 2472 2093 certum
2515 2034 2771 2111 tempus
2817 2025 3156 2091 demorans
3204 2025 3329 2090 loci
3376 2042 3605 2089 nomen
3650 2023 3766 2088 de·—

415 2152 472 2191 ¹5
514 2125 606 2190 dit
650 2125 893 2191 Saxum
942 2127 1325 2212 Marpesiae‚
1379 2129 1551 2195 unde
1596 2137 1660 2195 et
1695 2130 2020 2212 Vergilius
2039 2133 2124 2213 ³):
2187 2134 2303 2195 ‘ac
2346 2130 2401 2194 si
2448 2130 2609 2194 dura
2640 2130 2805 2194 silex
2836 2136 2949 2193 aut
2976 2135 3103 2193 stet
3131 2128 3460 2212 Marpesia
3488 2130 3759 2209 cautes’,

509 2229 575 2291 in
634 2247 712 2294 eo
771 2230 947 2311 loco,
1012 2231 1123 2296 ubi
1182 2237 1327 2316 post
1369 2232 1531 2297 haec
1575 2232 1944 2298 Alexander
1989 2233 2264 2315 Magnus
2308 2240 2525 2317 portas
2571 2232 2961 2297 constituens
3006 2232 3204 2315 Pylas
3247 2231 3520 2313 Caspias
3565 2230 3770 2295 nomi-

510 2332 722 2413 navit,
786 2333 957 2415 quod
1011 2353 1179 2398 nunc
1233 2335 1546 2399 Lazorum
1602 2355 1767 2418 gens
1826 2335 2102 2401 custodit
2160 2355 2272 2420 pro
2331 2334 2683 2400 munitione
2742 2336 3052 2399 Romana.
3144 2334 3251 2399 hic
3306 2353 3460 2416 ergo
3524 2340 3765 2398 certum
3813 2341 3885 2401 51

510 2435 812 2520 temporis
849 2438 1209 2502 Amazonas
1253 2447 1729 2506 commanentes
1774 2438 2112 2504 confortati
2159 2444 2327 2503 sunt.
2423 2436 2595 2504 unde
2641 2438 2888 2521 egressi
2920 2444 2998 2503 -et
3026 2436 3213 2502 Alem
3258 2432 3546 2517 fluvium,
3598 2434 3772 2519 quod

509 2538 690 2603 iuxta
734 2538 1092 2622 Gargaram
1152 2540 1473 2608 civitatem
1536 2542 1961 2626 praeterfluit,
2026 2549 2467 2624 transeuntes,
2536 2542 2948 2623 Armeniam,
3015 2540 3271 2625 Syriam
3316 2538 3762 2623 Ciliciamque,

409 2666 471 2707 20
513 2639 855 2724 Galatiam,
907 2642 1218 2710 Pisidiam
1262 2645 1600 2729 omniaque
1630 2646 1828 2711 Asiae
1871 2646 2016 2710 loca
2059 2664 2269 2729 aequa
2302 2645 2617 2711 felicitate
2647 2645 3058 2723 domuerunt;
3109 2636 3358 2708 Ioniam
3389 2642 3770 2724 Eoliamque

687 2826 1424 2916 HPVLAOBxffz).

688 2954 710 3002 1
752 2950 949 3021 lingua]
983 2956 1114 3004 litua
1144 2956 1245 3017 (sic)
1283 2956 1326 3003 O
1533 2952 1689 3022 quod]
1726 2958 1776 3006 id
1801 2959 1849 3004 A
2044 2959 2174 3018 parti
2205 2956 2248 3003 O
2443 2969 2628 3016 genere
2653 2956 2697 3004 L
2906 2956 2937 3005 2
2975 2961 3082 3006 nat.
3110 2966 3180 3005 as.
3212 2956 3257 3001 A
3467 2954 3498 3004 3
3535 2967 3634 3016 quo
3658 2955 3699 3000 A

513 3035 739 3105 fugaces]
773 3040 827 3088 id
863 3047 943 3090 est
979 3042 1180 3102 fugaces
1216 3042 1263 3089 Β
1469 3043 1647 3092 ethim.
1678 3044 1740 3091 al.
1785 3043 1829 3089 A
2038 3043 2070 3092 4
2107 3040 2355 3108 dicerent]
2389 3042 2740 3104 HPVLOXY,
2783 3042 3072 3091 dicerentur
3096 3042 3187 3089 AB
3394 3043 3636 3103 sugerunt
3660 3041 3706 3087 A

512 3127 764 3174 taunasim
794 3126 882 3174 OB
1089 3129 1119 3177 5
1157 3134 1409 3177 mortuum
1433 3143 1532 3178 om.
1561 3129 1649 3176 OB
1832 3131 2034 3177 nomina
2058 3129 2117 3191 L,
2149 3129 2342 3176 nomini
2377 3128 2420 3175 O
2628 3129 2660 3178 6
2698 3136 2751 3177 et
2774 3143 2874 3178 om.
2895 3127 3073 3175 P⁰AB
3259 3128 3539 3176 exercitum
3565 3125 3708 3179 LOX

513 3226 623 3260 cum
663 3208 993 3278 successores]
1029 3214 1233 3275 HPVL,
1274 3229 1388 3262 cum
1425 3228 1677 3263 suessores
1722 3214 1781 3274 O,
1824 3229 1936 3262 cum
1975 3216 2255 3263 sessoribus
2290 3214 2351 3278 Β,
2394 3229 2509 3262 cum
2546 3228 2828 3263 successore
2865 3214 2973 3275 AY,
3016 3229 3044 3261 a
3081 3214 3445 3262 successoribus
3483 3213 3531 3259 X
3717 3213 3775 3259 in

511 3311 607 3363 orn.
637 3299 682 3344 A
925 3296 1270 3366 expeditione]
1305 3301 1509 3361 HPVL,
1553 3302 1928 3363 expeditionem
1966 3300 2157 3348 AOBX
2168 3302 2205 3348 Y
2445 3300 2473 3348 7
2513 3296 2831 3367 gerentibus]
2865 3282 3072 3360 gerente
3107 3300 3200 3346 AB
3443 3294 3776 3363 temptantur]

511 3387 784 3445 temptatae
809 3384 869 3446 Β,
901 3391 1093 3433 tentate
1123 3385 1166 3432 O
1357 3382 1561 3453 praeda]
1587 3386 1743 3449 HPV,
1772 3387 1924 3450 preda
1949 3386 2012 3450 L,
2039 3390 2165 3450 pr(a)
2177 3386 2317 3435 edam
2343 3386 2535 3442 AOBX
2545 3386 2585 3434 Y
2788 3385 2820 3437 8
2856 3384 3080 3448 duct(a)e
3113 3385 3230 3434 OB.-
3268 3384 3478 3445 fortassc
3503 3384 3706 3434 edoctae

512 3466 834 3536 resisterunt]
872 3471 1076 3531 HPVL,
1118 3474 1414 3520 restiterunt
1452 3473 1691 3520 AOBXY
1895 3487 1949 3521 se
1985 3487 2083 3523 om.
2114 3473 2205 3523 LO
2414 3472 2445 3521 9
2482 3468 2769 3538 abigerunt]
2816 3473 2869 3535 V,
2912 3475 3157 3533 abgerunt
3182 3472 3242 3532 P,
3283 3473 3516 3520 abierunt
3541 3469 3770 3532 mmm,

512 3558 792 3617 abegerunt
816 3557 956 3604 ΑΒΧ
966 3557 1005 3603 Υ
1194 3554 1314 3624 qua]
1339 3574 1466 3620 quae
1493 3560 1538 3606 B
1731 3556 1978 3625 patratae]
2004 3561 2102 3607 ΗΡ
2113 3560 2166 3620 V,
2194 3566 2387 3621 patrate
2412 3561 2473 3621 L,
2502 3565 2672 3622 parate
2704 3559 2763 3619 O,
2791 3566 2986 3621 patrata
3012 3559 3151 3607 ABX
3159 3558 3200 3605 Y
3394 3559 3633 3605 uictoriae
3664 3557 3707 3605 O

513 3644 772 3705 fretaeque
827 3646 942 3708 (que
976 3659 1071 3693 om.
1114 3645 1177 3706 A)
1229 3646 1431 3694 maioris
1485 3644 1675 3706 (maiori
1712 3646 1919 3708 ABXY)
1974 3647 2179 3695 audacia
2233 3647 2483 3708 (audaciae
2526 3642 2612 3712 0)]
2660 3644 2872 3706 sortasse
2920 3647 3179 3707 {actaeque
3228 3644 3426 3693 maioris
3474 3644 3707 3692 audaciae

513 3729 830 3778 cohortantur
865 3731 912 3777 A
1124 3730 1185 3779 10
1223 3732 1498 3793 corripiunt
1533 3733 1578 3778 A
1787 3728 2166 3798 elegentesque]
2204 3731 2453 3791 HPVLX,
2496 3734 2844 3793 eligentesque
2882 3730 3072 3778 AOBY
3277 3731 3401 3779 duos
3438 3730 3482 3778 L
3690 3744 3779 3777 au-

514 3815 726 3862 datiores
764 3817 810 3862 X
820 3815 859 3861 Y
1061 3818 1313 3878 lampeton
1351 3818 1448 3864 ΧΥ
1650 3814 1919 3885 marpesia]
1963 3818 2021 3879 O,
2065 3819 2360 3880 marpesiam
2399 3817 2459 3880 Β,
2504 3832 2758 3880 marpessa
2794 3817 2906 3878 ΗΡ,
2947 3831 3249 3879 marpessam
3300 3816 3353 3877 V,
3397 3830 3670 3878 marpesam
3708 3816 3771 3875 A,

513 3904 790 3962 marsepeia
826 3901 889 3961 L,
929 3905 1224 3965 marsepiam
1262 3902 1358 3949 ΧΥ
1564 3902 1620 3952 11
1663 3906 1988 3965 subrogarent
2031 3903 2089 3962 O,
2133 3906 2535 3965 subrogauerunt
2571 3904 2666 3951 AX
2676 3903 2718 3951 Y
2918 3910 3101 3965 gerunt
3137 3911 3197 3951 ut
3233 3899 3309 3968 et]
3352 3902 3457 3963 ΧΥ,
3498 3907 3684 3962 gerunt
3719 3907 3780 3948 ut

515 3987 670 4049 ΑΘΒ,
713 3994 958 4048 geruntur
994 3997 1047 4036 et
1084 3988 1268 4036 HPVL
1478 3986 1694 4055 propria]
1729 3992 1938 4051 patriam
1976 3992 2023 4036 X
2035 3990 2132 4052 YZ,
2178 3992 2291 4052 pria
2328 3987 2395 4035 A¹
2604 3989 2925 4038 defenderint
2965 3990 3008 4038 O
3222 3988 3282 4037 12
3320 3991 3525 4037 sortitae
3562 3988 3779 4048 lampeto

520 4075 741 4137 (lampito
776 4070 867 4139 L)]
904 4076 1075 4123 sortito
1109 4076 1262 4137 lamp.
1298 4075 1358 4134 Β,
1400 4077 1592 4123 fortiter
1627 4077 1662 4125 1.
1698 4076 1756 4140 Z,
1800 4075 2014 4137 lampeto
2052 4082 2182 4123 sorte
2224 4077 2287 4137 A,
2331 4077 2548 4137 lampato
2590 4075 2701 4137 (om.
2732 4077 2874 4137 sort.)
2917 4075 2967 4122 X
3172 4071 3321 4141 fines]
3358 4075 3417 4123 ad
3455 4076 3580 4122 fines
3627 4074 3714 4122 VX

515 4161 700 4223 patrias
731 4160 771 4206 Z
944 4156 1155 4227 tuendo]
1182 4160 1335 4225 HPB,
1378 4160 1590 4208 tuendos
1626 4159 1858 4208 VLAOX
1867 4162 1916 4218 Y,
1957 4162 2170 4210 tuendas
2195 4163 2237 4208 Z
2411 4176 2612 4224 mapesa
2639 4162 2700 4220 A,
2741 4161 3034 4223 marsapieia
3060 4159 3120 4224 L,
3153 4163 3399 4223 marsepia
3431 4162 3472 4208 Y
3500 4162 3614 4223 (non
3640 4160 3702 4221 Χ)
3746 4148 3754 4155 ’

514 4243 736 4313 sumpta]
771 4247 931 4308 HPV,
973 4253 1173 4310 sumpto
1211 4246 1499 4294 LAOBXY
1708 4245 1768 4295 13
1805 4242 2075 4313 exercitui]
2113 4246 2266 4308 HPV,
2312 4249 2628 4295 exercituum
2662 4246 2721 4308 L,
2763 4249 3017 4296 exercitus
3044 4246 3290 4295 AOBXY
3492 4241 3663 4311 duxit]
3700 4244 3777 4293 di-

513 4335 648 4382 rexit
673 4335 717 4379 A
925 4334 1250 4394 diuersasque
1275 4329 1476 4398 gentes]
1514 4332 1841 4394 diuersosque
1871 4332 1960 4380 OB
2167 4329 2311 4398 alios]
2336 4334 2459 4381 alias
2486 4334 2590 4394 XY,
2620 4335 2842 4395 aliosque
2867 4334 2912 4379 A
3128 4333 3187 4381 14
3225 4332 3500 4380 conciliatis
3534 4330 3633 4393 (sic)
3666 4330 3710 4378 A

514 4415 835 4485 cauchasum]
858 4419 1017 4479 HPV,
1046 4433 1309 4468 caucasum
1336 4418 1528 4467 AOBX
1535 4420 1586 4481 Y,
1618 4434 1815 4467 causam
1842 4419 1887 4467 L
2095 4425 2226 4468 certo
2249 4424 2474 4481 tempore
2498 4419 2748 4468 demorata
2775 4422 2814 4466 A
3024 4414 3144 4485 loci]
3171 4403 3457 4466 HPVLOX
3468 4420 3519 4480 Y,
3560 4419 3662 4466 loco
3689 4416 3781 4464 AB

518 4506 580 4555 15
618 4508 925 4568 marsepeiae
950 4505 1010 4567 L,
1053 4506 1328 4568 marsepiae
1354 4505 1461 4568 ΧΥ,
1503 4503 1643 4567 πηῷ
1669 4506 1715 4552 A
1921 4504 2056 4553 unde
2097 4540 2110 4554 .
2142 4539 2157 4555 .
2187 4540 2201 4554 .
2244 4506 2489 4566 marpesia
2524 4520 2620 4556 om.
2658 4505 2747 4552 OB
2954 4511 3007 4553 et
3030 4520 3126 4554 om.
3158 4506 3203 4551 A
3413 4498 3682 4569 uergilius]
3708 4504 3773 4565 H,

513 4594 750 4653 uirgilius
778 4590 1060 4640 PVLAXY
1243 4606 1297 4640 ac
1320 4587 1391 4658 si]
1416 4606 1566 4653 quam
1591 4593 1636 4640 si
1666 4591 1905 4651 Vergilius
2095 4593 2341 4654 marsepia
2366 4590 2477 4654 ΧΥ,
2506 4592 2731 4652 mapesia
2757 4590 2801 4638 A
2999 4592 3160 4640 cautis
3185 4591 3246 4652 B,
3278 4591 3411 4638 cauti
3445 4588 3504 4652 O,
3534 4596 3712 4638 cuntes
3739 4589 3782 4637 L

524 4679 583 4729 16
620 4682 675 4727 in
701 4693 759 4727 eo
784 4680 887 4727 loco
912 4693 1010 4728 om.
1040 4680 1084 4725 A
1292 4674 1439 4744 haec]
1477 4677 1566 4726 hoc
1591 4678 1658 4739 A,
1696 4691 1793 4727 om.
1829 4676 1917 4724 YZ
1946 4677 2065 4740 (non
2089 4678 2138 4725 X
2149 4677 2162 4738 )
2383 4677 2441 4725 17
2484 4673 2636 4743 quod]
2674 4691 2797 4739 quas
2822 4677 2917 4723 AX
2926 4675 2968 4724 Υ
3172 4677 3402 4725 lazurum
3430 4674 3528 4738 P‘,
3570 4675 3780 4723 iazaram

524 4765 612 4827 0⁰,
655 4767 877 4814 luzorum
904 4765 1043 4812 XYZ
1216 4769 1406 4812 certum
1432 4770 1633 4826 tempus
1662 4763 1765 4827 (sic)
1795 4769 1902 4824 post
1926 4777 2186 4812 amazones
2214 4765 2258 4811 A
2437 4763 2499 4812 18
2538 4760 2822 4830 amazonas]
2858 4761 3017 4824 HPV,
3048 4777 3307 4812 amazones
3334 4763 3441 4824 LA,
3473 4775 3673 4810 amazon
3687 4761 3781 4822 (ωε

525 4851 751 4900 OBXYZ
992 4847 1276 4916 confortati]
1313 4850 1517 4908 HPVL,
1558 4851 1861 4898 confortatae
1898 4850 2088 4897 AOBX
2099 4851 2138 4897 Υ
2362 4851 2552 4911 egressi
2588 4855 2640 4898 et
2674 4845 2826 4916 alem]
2862 4850 2977 4910 HV,
3019 4850 3421 4910 egrotis-nalem
3460 4848 3540 4911 1²¹,
3583 4862 3781 4908 egresse

525 4941 653 4998 (-sae
690 4935 784 4999 ΡΞ)
823 4938 976 4986 talem
1011 4934 1164 4999 P2L,
1224 4950 1451 4997 egressae
1488 4938 1667 4984 etalem
1713 4936 1937 4997 (aetalem
1974 4936 2047 4998 Χ)
2091 4921 2352 4998 AOXYZ,
2413 4950 2642 4996 egressae
2680 4944 2731 4984 et
2768 4936 2886 4984 alim
2925 4937 2969 4983 B
3246 4931 3403 5001 quod]
3440 4934 3650 4997 HPVO,
3689 4936 3780 4996 qui

522 5005 792 5071 LABXY'
999 5022 1061 5072 19
1097 5025 1241 5071 iuxta
1275 5036 1370 5072 om.
1402 5023 1446 5068 A
1678 5035 1936 5082 sagarum
1980 5022 2100 5070 OB:
2139 5024 2496 5082 επωιιῳωιεω
2538 5022 2740 5082 onam
2776 5022 3143 5083 Ραριιιοροπεαο
3374 5022 3581 5084 perfluit
3624 5019 3713 5069 OB

520 5113 741 5160 armenia
785 5112 826 5157 O
1036 5111 1205 5158 siriam
1238 5107 1418 5156 VLAO
1625 5110 1950 5170 cyliciamque
1975 5109 2133 5171 PVB,
2172 5110 2439 5170 ciliamque
2470 5107 2515 5155 Ο
2722 5107 2787 5157 20
2823 5109 2920 5168 gal.
2960 5109 3188 5170 pisiriam
3225 5109 3285 5170 P,
3326 5109 3423 5169 gal.
3465 5107 3679 5171 psidiam
3714 5103 3776 5168 L,

518 5198 846 5258 galiciamque
882 5197 1128 5259 pisidiam
1172 5195 1273 5256 (sic)
1316 5195 1379 5256 B,
1420 5195 1684 5256 pissidiam
1721 5196 1959 5254 galaciam
1995 5197 2040 5240 A
2248 5191 2375 5260 loca]
2411 5194 2595 5256 oppida
2632 5194 2678 5240 B
2882 5208 3042 5255 aeque
3085 5193 3181 5241 ΟΧ

700 5370 745 5431 1)
791 5372 1018 5419 Iustinus
1045 5373 1128 5430 41,
1163 5374 1207 5431 1,
1241 5372 1289 5418 1.
1320 5369 1386 5415 2.-
1423 5369 1593 5416 Parthi
1633 5402 1646 5417 .
1679 5403 1693 5418 .
1725 5403 1740 5417 .
1782 5367 2076 5428 Scytharum
2113 5369 2292 5417 exules
2328 5370 2488 5417 fuere.
2565 5369 2656 5416 hoc
2691 5369 2845 5415 etiam
2880 5369 3102 5431 ipsorum
3140 5369 3377 5416 vocabulo
3412 5368 3778 5424 manifestatur,

524 5473 636 5506 nam
675 5457 909 5518 Scythico
943 5470 1173 5505 sermone
1210 5456 1388 5504 exules
1428 5455 1597 5503 Parthi
1633 5456 1892 5505 dicuntur.
2822 5513 2831 5520 .

695 5544 743 5607 2)
789 5544 1014 5591 Iustinus
1051 5544 1097 5601 2,
1143 5550 1191 5603 4,
1236 5543 1469 5589 19-14ε
1521 5541 1650 5590 duae
1687 5542 1765 5590 his
1808 5541 2182 5603 (Amazonibus)
2225 5541 2429 5600 reginae
2468 5542 2610 5588 suere
2648 5540 2895 5602 Marpesia
2939 5539 3191 5602 (martesia
3226 5538 3390 5599 codd.)
3433 5543 3485 5585 et
3523 5538 3778 5599 LampetO,

522 5645 653 5692 quae
690 5633 744 5678 in
781 5631 905 5678 duas
942 5634 1108 5691 partes
1146 5629 1348 5689 agmine
1383 5627 1547 5676 diviso
1585 5662 1600 5677 .
1632 5663 1646 5677 .
1677 5661 1693 5677 .
1733 5629 1931 5676 vicibus
1968 5629 2207 5688 gerebant
2242 5628 2389 5688 bella,
2431 5628 2525 5675 soli
2562 5628 2808 5674 terminos
2844 5627 3052 5673 alternis
3087 5625 3424 5673 defendentes
3463 5658 3479 5673 .
3510 5658 3523 5672 .
3556 5660 3566 5671 .
3610 5625 3782 5683 itaque

524 5719 706 5765 maiore
742 5724 882 5779 parte
921 5717 1148 5777 Europae
1185 5716 1392 5763 subacta
1426 5715 1584 5762 Asiae
1619 5728 1817 5775 quoque
1856 5715 2124 5761 nonnullas
2161 5716 2393 5762 civitates
2428 5726 2750 5773 occupavere.
2825 5710 2896 5770 ef.
2945 5712 3085 5761 Oros.
3136 5715 3182 5769 1,
3228 5715 3313 5759 16.

699 5804 746 5865 3)
793 5805 913 5854 Aen.
955 5805 1006 5862 6,
1049 5804 1168 5850 471.
3192 5801 3196 5805 ’

3289 5897 3366 5947 9*
