4882 6775
1183 520 1237 584 L
2581 520 3042 578 PROOEMIVM.

1174 764 1422 829 perum,
1459 744 1755 811 Iordanis
1786 744 2033 829 Getica,
2085 752 2271 829 gesta
2316 765 2542 830 regum
2572 746 2988 832 Francorum,
3038 747 3235 813 vitam
3264 746 3586 832 Apollonii
3617 746 3822 833 Tyrii,
3874 747 4059 813 Pauli
4102 746 4430 814 historiam

1173 865 1774 950 Langobardorum,
1826 867 2010 934 nobis
2057 888 2136 933 ex
2192 876 2372 952 parte
2418 868 2690 933 collatus
2734 889 2775 933 a
2820 868 3343 951 WattenbachiO,
3396 867 3755 953 descriptus
3801 873 3900 933 est
3943 888 4023 933 ex
4069 869 4263 934 Laur.
4316 874 4419 952 65,

1177 988 1281 1050 35.
1377 986 1576 1052 habet
1618 987 1783 1054 inter
1826 987 1960 1054 alia
2003 1009 2069 1073 p.
2108 991 2212 1069 60,
2267 993 2304 1051 5
2352 992 2625 1053 inmanes
2671 1008 2785 1073 pro
2827 992 3136 1072 qermanis
3182 988 3543 1072 desinitque
3588 988 3697 1053 ubi
3741 986 3956 1053 deficit
3999 988 4136 1055 ille.

765 1102 1156 1209 eiuiss‘ssffississ
1348 1107 1913 1174 Mnnronmnnsrs
1957 1109 2449 1174 AMssRosrans
2505 1108 2573 1193 (C
2623 1112 2704 1173 72
2749 1108 2894 1191 inf.,
2946 1109 3131 1174 nobis
3160 1109 3232 1193 A)
3285 1109 3550 1175 membr.
3603 1126 3771 1174 saec.
3823 1108 4100 1195 XIJXIL
4152 1109 4429 1175 continet

1174 1227 1390 1293 Bedae
1450 1227 1777 1293 historiam
1839 1229 2222 1313 Anglorum,
2287 1229 2475 1296 Pauli
2532 1228 2835 1296 historias
2891 1230 3242 1295 Romanam
3302 1235 3367 1294 et
3427 1228 3979 1313 Langobardicam
4051 1229 4151 1312 (cf.
4218 1229 4426 1295 Waitz

1172 1347 1376 1433 praef.
1429 1370 1492 1434 p.
1542 1327 1672 1431 31),
1724 1348 2015 1414 Iordanis
2049 1349 2293 1431 Getica,
2346 1350 2678 1416 historiam
2722 1349 3096 1415 Alexandri.
3178 1349 3545 1416 Geticorum
3602 1349 3851 1416 variam
3897 1351 4258 1432 lectionem,
4311 1350 4427 1416 sed

1171 1488 1396 1553 parum
1440 1475 1738 1535 accurate
1783 1476 2103 1535 enotatam
2135 1470 2256 1536 sibi
2286 1471 2368 1536 ab
2399 1470 2673 1555 Iosepho
2704 1469 2978 1536 Antonio
3011 1470 3207 1537 Saxio
3252 1470 3674 1537 bibliothecae
3703 1470 4202 1537 Mediolanensis
4235 1491 4425 1555 prae-

1174 1587 1340 1654 fecto
1385 1609 1515 1655 una
1558 1610 1702 1655 eum
1748 1590 2185 1656 characterum
2231 1590 2578 1675 specimine
2622 1590 2690 1655 in
2734 1611 2848 1657 aes
2893 1591 3093 1657 inciso
3138 1591 3519 1657 Muratorius
3564 1592 3632 1656 in
3677 1591 4089 1658 adnotatione
4128 1590 4426 1656 editionis

1171 1728 1328 1774 suae
1369 1710 1450 1793 (a.
1493 1713 1676 1793 1723)
1716 1710 2097 1796 publicavit3
2155 1731 2274 1795 ego
2318 1711 2531 1795 ipsum
2578 1711 2784 1778 denuo
2832 1710 3071 1778 contuli
3115 1710 3486 1778 Mediolani.
3570 1712 3842 1797 scriptus
3886 1717 3987 1777 est
4031 1711 4424 1796 compendiis

1168 1828 1388 1894 multis
1432 1836 1497 1895 et
1539 1830 1925 1911 arbitrariis3
1977 1831 2070 1897 ita
2113 1817 2262 1895 effic
2303 1839 2402 1898 est
2445 1839 2511 1898 et
2539 1835 2807 1896 ciuitatis
2838 1838 2903 1898 et
2933 1835 3238 1896 ciuitatem
3283 1839 3404 1899 cet.
3472 1832 3894 1914 similiterque
3925 1832 4239 1916 reperitur
4265 1819 4416 1917 ροᾶῖ,

1169 1938 1391 2034 osli-055,
1442 1935 1572 2036 qep',
1625 1951 1776 2017 item
1824 1939 2003 2016 theod
2038 1972 2151 2036 pro
2196 1953 2622 2035 TheodoridO,
2674 1960 2746 2019 ut
2786 1954 2855 2018 in
2899 1952 3142 2019 talibus
3186 1972 3376 2036 quem
3422 1973 3640 2018 casum
3703 1953 4000 2019 librarius
4063 1951 4424 2036 significare

1167 2070 1459 2154 voluerit,
1512 2092 1638 2137 non
1684 2092 1938 2157 semper
1982 2079 2221 2139 certum
2268 2072 2376 2139 sit.
2471 2094 2660 2157 quem
2705 2074 2913 2139 locum
2959 2073 3026 2139 in
3071 2073 3220 2139 crisi
3264 2074 3650 2140 Iordaniana
3694 2079 3913 2140 teneat
3956 2074 4250 2159 aperient
4292 2074 4425 2139 lec-

1165 2190 1372 2257 tiones
1418 2213 1583 2275 quae
1630 2200 1982 2277 sequuntur
2025 2193 2414 2278 compositae
2462 2213 2605 2259 cum
2650 2194 2921 2279 propriis
2967 2194 3283 2260 Palatini:

1426 2333 1492 2397 p.
1546 2317 1646 2395 63,
1708 2318 1783 2378 14
1829 2313 2264 2395 inuitauerint]
2312 2312 2815 2381 inuitauenerint
2862 2320 2926 2397 P,
2976 2314 3295 2381 inuenerit
3338 2314 3387 2377 A

1546 2420 1648 2500 76,
1745 2422 1782 2481 6
1830 2416 2062 2499 sauini]
2115 2415 2387 2482 sauicini
2422 2417 2515 2480 ΡΑ
2575 2420 2733 2500 (inde
2777 2421 2958 2481 etiam
2992 2421 3093 2499 76,
3133 2424 3192 2499 4,
3246 2419 3354 2481 ubi
3381 2417 3644 2482 sauinus
3682 2423 3729 2481 Ρ
3753 2428 3930 2501 recte,
3977 2417 4304 2482 sanicinus
4336 2416 4405 2499 Λ)

1541 2525 1646 2604 81,
1741 2526 1779 2583 4
1827 2519 2050 2587 remoti
2096 2520 2214 2586 sub
2259 2519 2540 2603 regibus]
2594 2520 2941 2586 remotibus
2986 2521 3247 2604 regibus
3299 2526 3362 2604 Ρ,
3415 2522 3637 2586 remoti
3684 2522 3937 2605 legibus
3983 2520 4031 2583 A

1710 2628 1783 2688 17
1832 2623 1915 2690 de
1959 2622 2262 2705 secundo]
2317 2623 2597 2689 secundo
2648 2624 2853 2688 PAOB

1546 2728 1648 2811 86,
1746 2731 1782 2790 7
1830 2727 2091 2811 adeunt]
2142 2726 2230 2792 ad
2274 2747 2418 2792 eum
2472 2732 2532 2809 P,
2587 2726 2671 2793 ad
2716 2747 2861 2793 eam
2905 2727 2954 2790 A

1544 2834 1650 2915 95,
1751 2834 1774 2892 1
1829 2836 1901 2896 ut
1944 2830 2165 2914 sensit]
2219 2830 2544 2896 subsensit
2590 2830 2686 2894 PA

1705 2939 1781 3001 18
1827 2940 1926 3001 est
1968 2955 2084 2998 om.
2139 2933 2232 2996 PA

1544 3040 1650 3121 97,
1706 3042 1787 3101 19
1833 3037 1976 3120 quis
2021 3040 2231 3121 quem]
2285 3037 2556 3121 quisque
2606 3037 2698 3100 ΡΑ

1502 3146 1644 3222 104,
1706 3145 1779 3204 17
1827 3140 2077 3206 Tibisia
2131 3140 2236 3222 (sic
2281 3144 2460 3204 etiam
2504 3145 2854 3224 Ravennas,
2907 3143 3189 3203 similiter
3239 3142 3535 3224 Priscus)]
3589 3141 3858 3207 tibussia
3909 3146 3968 3222 Ρ,
4021 3141 4261 3206 tibusia
4305 3143 4353 3204 A

1507 3250 1649 3327 105,
1749 3247 1787 3310 8
1834 3243 2199 3310 detestabili
2245 3265 2359 3308 om.
2417 3244 2513 3307 PA
3357 3305 3364 3313 .

1708 3352 1784 3412 10
1830 3366 2105 3432 magnae
2149 3345 2336 3432 parti]
2389 3366 2666 3430 magnae
2711 3352 2893 3432 parte
2944 3351 3007 3429 Ρ,
3059 3366 3297 3430 magna
3339 3353 3522 3431 parte
3567 3345 3616 3409 A

1502 3457 1645 3536 108,
1704 3456 1781 3516 12
1828 3453 2166 3533 momento]
2220 3457 2519 3516 monento
2570 3456 2633 3533 Ρ,
2686 3456 2979 3517 monente
3026 3450 3074 3514 A

1505 3561 1648 3638 114,
1706 3558 1784 3620 19
1828 3576 1945 3641 per
1986 3555 2291 3638 reliquas]
2344 3554 2630 3639 reliquas
2682 3560 2745 3638 Ρ,
2796 3555 2864 3620 in
2910 3555 3194 3636 reliquas
3242 3554 3290 3618 A

1699 3662 1774 3722 21
1828 3666 1894 3725 et
1935 3680 2051 3722 om.
2107 3657 2201 3721 ΡΑ

1507 3765 1646 3845 126,
1706 3764 1784 3826 19
1828 3761 2065 3844 Froila]
2117 3761 2325 3846 proila
2373 3760 2466 3824 ΡΛ

1169 3884 1393 3950 habuit
1436 3883 1633 3966 igitur
1676 3881 1915 3947 codicis
1959 3881 2366 3947 Ambrosiani
2412 3881 2707 3949 librarius
2752 3881 3170 3968 archetypum
3218 3882 3475 3967 optimis
3531 3881 3999 3948 accensendum
4058 3891 4171 3949 aut
4215 3902 4427 3969 ipsum

1169 4005 1533 4071 Palatinum
1576 4009 1690 4068 aut
1730 4002 2079 4086 gemellum
2124 4001 2262 4068 eius
2281 4004 2383 4087 88),
2439 4002 2554 4068 sed
2600 4023 2743 4068 eum
2790 4009 3029 4068 temere
3075 4003 3384 4088 excripsit
3428 4010 3493 4069 et
3535 4002 3775 4088 passim
3822 4024 3937 4088 pro
3967 4003 4174 4069 lubitu
4208 4024 4428 4069 emen-

1170 4126 1369 4208 davit,
1406 4145 1574 4208 quae
1618 4121 2024 4207 interpolatio
2057 4128 2127 4188 ut
2153 4122 2522 4189 universum
2555 4123 2785 4188 librum
2817 4123 3174 4208 occupavit,
3225 4123 3316 4188 ita
3346 4123 3657 4189 latissime
3688 4129 3986 4207 grassata
4016 4143 4160 4190 esse
4193 4124 4426 4210 depre-

1170 4245 1469 4312 henditur
1496 4245 1564 4309 in
1595 4250 1930 4334 stemmate
1962 4244 2335 4309 Amalorum
2355 4245 2459 4326 89).
2540 4243 2756 4327 itaque
2787 4264 2911 4309 non
2944 4243 3172 4308 mirum
3203 4251 3303 4309 est
3345 4252 3491 4329 post
3522 4243 3863 4310 editionem
3898 4245 4416 4327 Muratorianam,

1343 4541 1425 4604 88)
1467 4542 1702 4590 Errorum
1740 4540 2023 4589 communio
2060 4541 2103 4588 si
2141 4553 2241 4601 qua
2277 4545 2355 4589 est
2389 4543 2526 4590 inter
2562 4542 2944 4589 Ambrosianum
2992 4540 3216 4602 aliosque
3253 4540 3402 4602 primi
3439 4541 3628 4588 ordinis
3662 4542 3834 4598 libris,
3890 4542 4138 4590 diversam
4186 4542 4427 4602 originem

1169 4631 1335 4680 habet.
1416 4643 1529 4677 nam
1581 4629 1670 4677 ille
1723 4628 1844 4676 licet
1894 4627 2081 4676 alicubi
2128 4641 2238 4675 cum
2294 4628 2710 4688 Heidelbergensi
2760 4629 2814 4675 in
2863 4641 3022 4676 errore
3071 4628 3350 4675 consentiat
3406 4628 3473 4689 (v.
3529 4643 3579 4690 p.
3639 4628 3901 4689 XLVIII),
3962 4642 4013 4689 p.
4071 4626 4162 4688 81,
4227 4625 4288 4674 12
4342 4641 4430 4673 cur

1170 4729 1257 4778 pro
1292 4728 1554 4776 carporum
1598 4716 1695 4764 duo
1742 4714 1936 4763 librarii
1984 4714 2275 4776 scripserint
2328 4728 2620 4774 corporum,
2677 4715 2729 4761 in
2774 4719 3007 4776 promptu
3062 4718 3168 4775 est3
3220 4716 3444 4762 societate
3493 4720 3659 4762 autem
3696 4729 3745 4776 p.
3795 4713 3912 4775 109,
3952 4712 4016 4762 22
4066 4718 4166 4761 tam
4204 4727 4269 4762 ex
4304 4715 4429 4761 saci-

1171 4807 1268 4850 late
1302 4802 1517 4850 Palatini
1553 4802 1796 4862 originem
1834 4801 2043 4848 duxisse
2081 4804 2248 4861 potest
2282 4815 2430 4862 quam
2468 4814 2532 4849 ex
2569 4803 2797 4849 sacietate
2833 4800 3299 4861 Heidelbergensis.
3339 4827 3408 4835 -—
3445 4799 3629 4849 Statim
3663 4814 3715 4862 p.
3762 4798 3876 4858 113,
3914 4798 4001 4862 26,
4042 4803 4132 4848 iter
4164 4814 4215 4862 p.
4250 4798 4362 4861 115,
4395 4798 4423 4846 7

1171 4894 1271 4936 tam
1308 4889 1632 4936 Laurentiani
1671 4889 1879 4950 scriptor
1915 4887 2104 4936 delevit
2142 4901 2288 4948 quam
2328 4888 2663 4949 Ambrosiani,
2705 4889 2944 4949 qnoniam
2980 4888 3109 4934 male
3145 4886 3423 4935 abundant.
3460 4888 3630 4934 —Ibi
3668 4899 3866 4947 quoque
3903 4887 3993 4934 ubi
4030 4886 4283 4934 consentit
4304 4885 4427 4932 Am-

1172 4976 1431 5023 brosianus
1467 4988 1579 5036 cum
1617 4976 1768 5022 tertio
1805 4972 1982 5023 ordine
2020 4973 2174 5035 XYZ,
2218 4979 2276 5022 ut
2311 4989 2362 5036 p.
2404 4972 2489 5033 91,
2534 4973 2563 5020 5
2595 4970 2896 5040 percipiant]
2933 4976 3206 5033 suscipiant
3231 4973 3418 5020 ΑΧΥΖ
3453 4999 3519 5007 -
3544 4987 3594 5034 p.
3630 4971 3740 5030 108,
3776 4971 3839 5020 20
3861 4967 4086 5037 propria]
4110 4986 4204 5020 sua
4230 4972 4292 5032 A,
4334 4985 4426 5018 sua

1168 5061 1371 5121 propria
1408 5061 1455 5106 X
1464 5059 1543 5106 ΥΖ
1577 5087 1647 5095 -
1681 5075 1730 5121 p.
1768 5058 1881 5120 110,
1926 5057 1989 5106 25
2015 5060 2304 5107 relabuntur
2331 5061 2421 5122 (sic-
2458 5061 2608 5108 etiam
2647 5057 2856 5125 Duae.)]
2892 5059 3193 5108 delabuntur
3216 5059 3326 5118 XZ,
3367 5057 3660 5107 dilabuntur
3684 5058 3867 5105 AY—
3898 5072 3948 5119 p.
3983 5056 4097 5120 112,
4141 5058 4172 5106 5
4198 5054 4286 5122 ad]
4324 5072 4421 5108 om.

1175 5147 1269 5193 Ax
1282 5147 1321 5193 Υ
1348 5172 1417 5181 —
1457 5144 1572 5202 115,
1615 5145 1676 5194 18
1715 5142 2063 5211 indiynationi]
2102 5146 2455 5206 indiynationis
2492 5147 2589 5193 AX
2600 5147 2697 5208 YZ,
2740 5146 3109 5194 emendationis
3158 5145 3383 5192 studium
3427 5146 3727 5207 plerumque
3774 5149 3908 5191 certe
3942 5145 3996 5191 in
4039 5158 4188 5192 causa
4224 5151 4319 5193 est.
4373 5144 4422 5191 id

1173 5235 1340 5295 ipsum
1387 5232 1519 5280 cadit
1564 5233 1619 5278 in
1668 5232 1827 5279 locum
1865 5246 1915 5293 p.
1960 5232 2041 5294 79,
2088 5231 2168 5292 15,
2221 5232 2309 5279 ubi
2355 5246 2520 5280 veram
2568 5233 2831 5281 lectionem
2869 5233 3039 5292 deyere
3076 5238 3320 5279 servatam
3358 5232 3409 5278 in
3451 5230 3540 5277 OB
3581 5245 3668 5293 pro
3705 5236 3933 5292 corrupto
3970 5230 4164 5293 dedere,
4207 5231 4331 5279 item
4367 5231 4420 5277 in

1173 5319 1388 5367 alterum
1424 5333 1476 5380 p.
1519 5315 1602 5380 84,
1638 5315 1687 5378 4,
1728 5319 1814 5365 ubi
1851 5331 2024 5365 verum
2063 5321 2178 5378 iuyo
2215 5319 2342 5367 hema·
2389 5324 2641 5367 servatum
2694 5320 2744 5367 in
2784 5319 2829 5364 X
2843 5318 2921 5377 1¹2
2955 5318 3319 5366 Ambrosianus
3368 5317 3652 5365 coniectura
3689 5317 3825 5364 sacili
3866 5317 3950 5378 (cs.
3990 5330 4038 5377 p.
4088 5315 4202 5378 127,
4247 5316 4296 5377 7)
4337 5317 4426 5364 ad-

1174 5409 1378 5453 secutus
1415 5408 1507 5453 est.
1585 5418 1699 5452 nam
1737 5403 1871 5465 quod
1906 5406 2072 5465 possis
2106 5406 2228 5452 item
2267 5406 2491 5454 conicere
2528 5406 2783 5453 librarium
2823 5407 2932 5453 eius
2968 5410 3058 5453 aut
3093 5404 3416 5465 archetypum
3452 5403 3741 5451 adhibuisse
3778 5417 3891 5451 cum
3929 5403 4063 5450 varia
4100 5403 4314 5450 lectione
4341 5401 4421 5448 hic

1175 5492 1277 5539 illic
1313 5491 1561 5553 adscripta
1596 5498 1682 5538 aut
1719 5504 1785 5537 ex
1819 5490 2053 5551 pluribus
2079 5492 2449 5552 exemplaribus
2484 5492 2749 5540 lectionem
2786 5505 2925 5539 suam
2962 5492 3316 5552 composuisse,
3360 5489 3572 5537 firmiora
3609 5493 3900 5548 argumenta
3935 5489 4166 5549 requirit.

1348 5577 1430 5640 89)
1472 5579 1650 5626 Libros
1687 5576 1775 5639 qui
1812 5577 2088 5636 examinat,
2129 5590 2217 5638 pro
2251 5582 2369 5625 nota
2405 5577 2558 5625 huius
2594 5578 2813 5626 familiae
2856 5577 2981 5638 (dico
3015 5576 3416 5636 Ambrosianum,
3460 5576 3679 5634 Reginae
3706 5572 3824 5633 639,
3867 5575 4247 5642 Abrincensem)
4289 5579 4423 5623 recte

1175 5669 1385 5714 stemma
1431 5664 1522 5713 hoc
1569 5663 1843 5712 adhibebit.
1920 5664 2137 5725 exempli
2189 5677 2336 5711 causa
2380 5677 2430 5724 p.
2475 5663 2537 5712 77
2587 5678 2674 5726 pro
2719 5664 2899 5712 tradita
2934 5664 3149 5711 lectione
3185 5661 3483 5709 Vinitharius
3519 5665 3690 5723 ρεηυίι
3736 5661 4125 5709 Vandiliarium:
4173 5659 4425 5708 vandala-

1174 5754 1278 5799 τίω
1326 5755 1492 5810 {tenuit
1534 5750 1826 5797 Thiudcmer
1872 5755 1974 5797 tres
2010 5749 2062 5795 hi
2102 5750 2214 5796 libri
2263 5756 2456 5812 ponunt
2493 5751 2929 5812 interpolationem
2967 5765 2994 5797 a
3040 5749 3251 5810 reliquis
3288 5749 3516 5796 omnibus
3559 5749 3774 5796 alienam
3825 5752 3869 5795 et
3917 5751 4013 5807 ipse
4062 5747 4422 5794 Vandalarium

1173 5844 1359 5899 patrem
1404 5838 1676 5884 Tindemcr.
