4882 6775
1145 464 1266 526 126
1796 534 1805 544 ¹
2589 457 2950 514 loanAms

1040 651 1098 713 L
1144 649 1449 733 fugantur
1492 651 1673 715 iuxta
1732 650 1885 714 litus
1930 650 2176 715 Pontici
2221 649 2452 730 mariS,
2518 649 2626 712 ubi
2681 649 2857 733 prius
2906 647 3148 713 Gothos
3196 648 3444 712 sedisse
3492 647 3974 732 descripsimus.
4069 656 4399 710 cesserunt

1139 752 1357 835 itaque
1390 752 1627 833 Hunni,
1681 753 1912 835 quibus
1960 751 2187 818 cedere
2233 751 2578 835 putabatur
2624 752 3030 816 universitas.
3127 751 3290 815 adeo
3338 750 3682 815 discidium
3729 749 4089 834 perniciosa
4135 768 4237 813 res
4270 759 4389 827 est,

1143 862 1213 921 ut
1258 856 1451 921 divisi
1496 863 1881 937 corruerent,
1936 855 2046 939 qui
2091 854 2393 919 adunatis
2439 854 2683 918 viribus
2727 855 3128 919 territabant.
3226 854 3387 918 haec
3431 872 3626 917 causa
3659 853 3950 917 Ardarici
3987 852 4162 935 regis
4196 852 4395 936 Gepi-

1143 958 1370 1024 darum
1432 959 1589 1023 felix
1649 959 1836 1023 affuit
1897 958 2167 1023 diversis
2229 957 2629 1035 nationibus,
2699 958 2806 1040 qui
2862 958 3235 1021 Hunnorum
3296 956 3595 1037 regimini
3649 955 3831 1020 inviti
3893 956 4389 1038 famulabantur,

1143 1081 1484 1144 eorumque
1532 1062 1641 1126 diu
1688 1061 2149 1126 maestissimos
2196 1060 2443 1125 animos
2490 1060 2572 1124 ad
2620 1060 3023 1125 helaritatem
3071 1060 3384 1125 libertatis
3431 1060 3712 1123 votivam
3743 1060 3981 1133 erexit;
4036 1059 4399 1124 venientes-
4441 1078 4465 1115 ⁵

1143 1185 1268 1247 que
1313 1166 1497 1228 multi
1541 1186 1657 1249 per
1703 1165 1953 1247 legatos
1999 1184 2148 1228 suos
2194 1164 2283 1228 ad
2328 1166 2531 1229 solum
2564 1164 2919 1228 Romanum
2966 1173 3030 1228 et
3075 1184 3112 1227 a
3159 1163 3444 1248 principe
3490 1170 3640 1227 tunc
3671 1162 3994 1227 Marciano
4032 1162 4396 1244 gratissime

1147 1268 1431 1351 suscepti
1479 1267 1857 1332 distributas
1905 1268 2116 1345 sedes,
2171 1287 2333 1350 quas
2377 1267 2753 1347 incolerent,
2808 1273 3214 1351 acceperunt.

966 1376 1099 1436 264
1319 1371 1486 1434 Nam
1520 1369 1759 1453 Gepidi
1790 1371 2162 1434 Hunnorum
2209 1370 2331 1434 sibi
2377 1370 2568 1434 sedes
2612 1370 2855 1434 viribus
2901 1370 3298 1434 vindicantes
3342 1370 3536 1435 totius
3568 1369 3809 1433 Daciae
3855 1370 4016 1433 fines
4061 1370 4239 1434 velut
4266 1371 4399 1434 vic-

1142 1480 1314 1539 tores
1358 1472 1541 1557 potiti
1587 1473 1746 1536 nihil
1795 1472 1975 1536 aliud
2021 1495 2060 1537 a
2106 1474 2391 1537 Romano
2435 1474 2740 1557 imperi0,
2808 1473 2932 1536 nisi
2978 1493 3201 1556 pacem
3247 1482 3312 1538 et
3355 1493 3573 1537 annua
3618 1473 3992 1549 sollemnia,
4048 1481 4116 1538 ut
4160 1474 4400 1538 strenui

1143 1576 1298 1658 viri,
1351 1576 1559 1640 amica
1603 1575 1896 1659 pactione
1943 1576 2455 1659 postulaverunt.
2549 1575 2717 1657 quod
2764 1584 2827 1640 et
2858 1577 3065 1640 libens
3096 1582 3248 1640 tunc
3279 1576 3504 1640 annuit
3535 1576 3878 1659 imperator
3908 1584 3972 1641 et
4003 1597 4201 1658 usque
4234 1598 4402 1643 nunc
4449 1594 4501 1632 ¹⁰

1145 1686 1517 1744 consuetum
1568 1679 1803 1743 donum
1850 1699 2011 1761 gens
2055 1679 2200 1762 ipsa
2245 1699 2284 1742 a
2316 1680 2601 1743 Romano
2647 1679 2914 1762 suscipit
2945 1678 3252 1762 principe.
3337 1678 3532 1744 Gothi
3563 1699 3715 1743 vero
3748 1687 4080 1743 cernentes
4113 1679 4404 1764 Gepidas

1143 1783 1520 1847 Hunnorum
1568 1782 1758 1846 sedes
1808 1782 1931 1847 sibi
1978 1782 2327 1846 defendere
2358 1783 2864 1863 Hunnorumque
2910 1784 3217 1865 populum
3264 1783 3397 1847 suis
3442 1783 3724 1864 antiquis
3772 1783 4033 1847 sedibus
4064 1804 4396 1867 occupare.

1143 1885 1507 1950 maluerunt
1550 1907 1591 1951 a
1635 1887 1921 1950 Romano
1967 1906 2167 1967 regno
2213 1892 2419 1950 terras
2466 1895 2684 1969 petere
2731 1905 2921 1966 quam
2969 1905 3111 1949 cum
3159 1886 3524 1950 discrimine
3587 1905 3702 1949 suo
3765 1884 4070 1950 invadere
4127 1887 4398 1965 alienae,

1144 1988 1662 2071 accipientesque
1707 1989 2131 2069 Pannoniam,
2185 2009 2350 2071 quae
2396 1989 2464 2052 in
2509 1990 2701 2070 longo
2748 1996 3038 2073 porrecta
3082 1989 3391 2073 planitiae
3439 1989 3635 2053 habet
3680 1990 3762 2054 ab
3809 1989 4051 2054 oriente
4097 1991 4400 2055 Moesiam

1148 2092 1561 2175 superiorem,
1603 2112 1642 2155 a
1673 2092 1941 2156 meridie
1975 2091 2390 2171 Dalmatiam,
2433 2094 2516 2157 ab
2549 2112 2778 2157 occasu
2809 2093 3135 2171 Noricum,
3175 2115 3212 2155 a
3247 2092 3678 2176 septentrione
3711 2092 4098 2156 Danubium.
4181 2101 4406 2157 ornata
4451 2111 4503 2149 1⁵

1148 2194 1357 2279 patria
1401 2194 1772 2260 civitatibus
1816 2195 2133 2278 plurimis,
2187 2215 2455 2277 quarum
2502 2195 2709 2278 prima
2756 2196 3024 2278 syrmis,
3082 2203 3369 2260 extrema
3413 2196 3818 2260 Vindomina.

971 2304 1102 2365 265
1323 2297 1739 2362 Sauromatae
1788 2318 1938 2361 vero
1985 2318 2143 2381 quos
2189 2300 2517 2362 Sarmatas
2565 2297 2837 2362 dicimus
2894 2305 2958 2363 et
3003 2299 3344 2362 Cemandri
3390 2306 3454 2363 et
3497 2297 3758 2379 quidam
3806 2318 3885 2362 ex
3933 2299 4182 2363 Hunnis
4228 2308 4405 2382 parte

1143 2400 1390 2484 Illyrici
1450 2399 1536 2465 ad
1583 2402 2166 2465 Castramartenam
2227 2403 2451 2465 urbem
2514 2401 2705 2465 sedes
2767 2401 2890 2464 sibi
2951 2401 3138 2465 datas
3206 2402 3558 2466 coluerunt.
3669 2421 3748 2465 ex
3808 2421 3931 2483 quo
3991 2422 4228 2483 genere
4290 2402 4410 2467 fuit

1150 2504 1390 2569 Blivila
1435 2504 1567 2568 dux
1602 2505 2130 2587 Pentapolitanus
2178 2503 2447 2584 eiusque
2494 2524 2840 2586 germanus
2872 2505 3092 2569 Froila
3137 2513 3201 2569 et
3246 2505 3444 2569 nostri
3486 2505 3793 2587 temporis
3825 2506 4030 2569 Bessa
4073 2504 4402 2588 patricius.

1160 2607 1342 2690 Scyri
1388 2627 1538 2671 vero
1600 2616 1662 2671 et
1707 2607 2049 2689 Sadagarii
2111 2613 2175 2671 et
2237 2606 2391 2670 certi
2436 2607 2786 2671 Alanorum
2847 2628 2991 2671 cum
3054 2607 3215 2672 duce
3278 2627 3396 2671 suo
3457 2607 3711 2672 nomine
3760 2607 4021 2671 Candac
4081 2608 4409 2690 Scythiam
4449 2627 4505 2667 20

970 2717 1104 2779 266
1150 2711 1459 2775 minorem
1517 2710 2008 2792 inferioremque
2068 2710 2377 2775 Moesiam
2437 2717 2844 2793 acceperunt.
2955 2711 3136 2774 cuius
3189 2711 3508 2775 Candacis
3568 2710 4148 2776 Alanoviiamutbis
4207 2712 4408 2795 patris

1038 2844 1043 2855 ³
1145 2814 1274 2877 mci
1322 2812 1570 2896 genitor
1614 2813 1834 2891 Paria,
1901 2813 1973 2877 id
2018 2821 2117 2878 est
2161 2833 2343 2877 meus
2389 2834 2589 2893 avus,
2660 2814 2976 2893 notarius,
3044 2834 3373 2897 quousque
3421 2814 3681 2879 Candac
3724 2815 3866 2898 ipse
3913 2815 4189 2892 viveret,
4258 2814 4398 2895 fuit,

1149 2916 1416 2998 eiusque
1464 2936 1811 2998 germanae
1857 2916 1990 2980 filio
2038 2916 2398 2997 GunthiciS,
2454 2917 2562 2999 qui
2609 2923 2672 2981 et
2718 2918 2893 2981 Baza
2939 2917 3288 2999 dicebatur,
3340 2937 3511 2999 mag.
3566 2917 3730 2995 mil„
3782 2916 3914 2981 filio
3962 2918 4269 3000 Andages
4314 2920 4407 2986 fili

1038 3010 1073 3073 *¹
1146 3019 1394 3084 Andele
1428 3019 1507 3083 de
1540 3019 1842 3102 prosapia
1871 3021 2238 3084 Amalorum
2275 3019 2731 3085 descendente
2787 3041 2908 3102 ego
2952 3020 3104 3084 item
3151 3020 3444 3101 quamvis
3490 3028 3859 3102 agramatus
3891 3019 4225 3085 Iordannis
4258 3029 4405 3087 ante

2783 3106 2900 3113 ..h-..t
2907 3106 2982 3113 -ἐ-
2999 3104 3366 3113 ..d—u-—o-*o-——d
3375 3106 3406 3111 ,-

1147 3123 1627 3189 conversionem
1675 3142 1884 3186 meam
1931 3123 2216 3187 notarius
2264 3123 2379 3187 fui.
2462 3124 2631 3205 Rugi
2677 3144 2827 3188 vero
2874 3124 3174 3205 aliaeque
3215 3124 3507 3189 nationes
3539 3114 3888 3189 nonnullae
3909 3110 4159 3187 Bizzim
4194 3134 4256 3189 et
4287 3129 4407 3189 Ar-
4446 3142 4502 3183 25

1322 3435 1997 3496 HPVAOBXffZ).

1322 3606 1342 3655 l
1385 3612 1633 3669 ceperunt
1672 3607 1744 3653 Λα
1993 3609 2021 3656 2
2060 3609 2274 3655 discium
2320 3609 2360 3653 V
2602 3609 2631 3656 3
2671 3611 2948 3658 corruerint
2990 3609 3080 3656 OB
3325 3611 3529 3657 adunati
3570 3610 3632 3668 B,
3675 3609 3891 3655 adunata
3934 3611 3975 3654 O
4220 3612 4249 3659 ⁴
4286 3626 4409 3673 quae

1142 3694 1392 3741 hunorum
1429 3694 1666 3752 regimini
1709 3695 1815 3754 (-ne
1842 3695 1915 3752 X)
1960 3695 2153 3741 inuitae
2193 3695 2377 3741 AXYZ
2588 3696 2616 3742 5
2657 3697 2997 3743 mestissimus
3037 3698 3232 3744 animus
3276 3696 3318 3741 O
3527 3691 3864 3760 helaritatern]
3890 3695 4000 3750 ΗΡ,
4043 3697 4318 3743 claritatem
4353 3699 4402 3760 V,

1145 3780 1425 3826 cleritatem
1458 3779 1517 3839 O,
1560 3779 1858 3828 hilaritatem
1887 3781 2123 3827 ABXYZ
2322 3783 2523 3828 uotiuae
2550 3782 2599 3828 X
2611 3781 2691 3828 ΥΖ
2901 3781 2931 3829 6
2969 3782 3163 3842 legatus
3194 3781 3263 3829 0⁴¹
3458 3783 3737 3844 principem
3769 3781 3810 3826 O
4002 3790 4122 3830 tunc
4155 3798 4249 3831 om.
4281 3785 4412 3831 ΧΥΖ

1148 3865 1174 3912 7
1216 3865 1361 3926 quasi
1397 3864 1442 3911 Ρ
1718 3867 2011 3925 acciperunt
2054 3866 2095 3913 O
2376 3866 2405 3915 8
2445 3864 2639 3933 gepidi]
2677 3867 2885 3927 HPVO,
2929 3869 3138 3929 gepidae
3175 3869 3369 3915 ABXY
3635 3864 3786 3933 fines]
3824 3870 4011 3916 tinibus
4050 3871 4111 3926 A,
4153 3885 4248 3918 om.
4280 3872 4412 3918 ΧΥΖ

1147 3951 1178 4001 9
1216 3952 1287 3999 nil
1324 3952 1369 3998 A
1578 3953 1765 3999 strinui
1795 3950 1836 3997 O
2047 3950 2109 3999 10
2147 3953 2349 4012 pacione
2388 3954 2451 4010 A,
2493 3956 2816 4012 pactuatione
2859 3952 2948 3999 OB
3162 3953 3216 4002 11
3262 3961 3558 4002 consuetum
3595 3950 3805 4019 donum]
3841 3957 4148 4003 consuetudo
4187 3965 4266 4004 est
4302 3973 4410 4005 nam

1156 4036 1246 4083 OB
1478 4034 1717 4103 suscipit]
1752 4037 1901 4083 HAX
1914 4037 1962 4098 Y,
2016 4039 2242 4100 suscipet
2279 4037 2336 4098 P,
2380 4040 2602 4099 suscepit
2649 4038 2782 4085 VOB
3017 4040 3153 4099 gothi
3195 4075 3206 4086 .
3242 4077 3253 4088 .
3288 4076 3300 4088 .
3352 4039 3410 4087 14
3450 4041 3758 4102 accipientes
3796 4043 3849 4087 in
3884 4042 4037 4088 litum
4075 4041 4119 4087 B
4329 4059 4411 4103 ge·

1145 4124 1298 4186 padaa
1333 4123 1369 4168 V
1616 4122 1679 4172 12
1719 4125 1817 4171 sibi
1856 4123 2001 4171 sedes
2040 4123 2085 4169 A
2330 4139 2447 4172 suas
2485 4126 2717 4184 antiquas
2756 4125 2901 4171 sedes
2940 4126 3032 4171 AB
3203 4157 3206 4161 ·
3281 4125 3343 4174 13
3381 4140 3531 4188 quam
3569 4140 3664 4175 om.
3701 4125 3743 4171 O
3986 4129 4289 4177 inuaderent
4326 4132 4419 4178 xi·

1151 4208 1213 4256 14
1251 4222 1348 4268 qne
1384 4223 1480 4258 om.
1514 4209 1559 4255 Β
1690 4227 1697 4236 ·
1768 4211 2044 4271 pannonias
2077 4209 2117 4256 O
2326 4207 2491 4276 longo]
2531 4209 2691 4270 HPV,
2735 4211 2841 4268 logo
2887 4210 2945 4272 Ο,
2989 4211 3134 4271 longa
3172 4212 3278 4266 ΑΒ,
3324 4213 3522 4271 longam
3561 4212 3700 4259 XYZ
3909 4214 4175 4274 planiciem
4212 4218 4349 4264 XYZ

1147 4297 1413 4342 moeaaiam
1452 4297 1759 4357 superioram
1803 4294 1873 4341 0¹¹
2088 4295 2148 4343 15
2187 4297 2427 4343 moricum
2466 4297 2512 4342 A
2728 4295 2788 4343 16
2831 4292 3035 4360 syrmis]
3072 4296 3264 4344 HPVX
3276 4299 3324 4356 Y,
3368 4300 3538 4346 sirmis
3578 4298 3723 4344 ΑΘΒ
3931 4298 4254 4368 nindomina]
4293 4318 4413 4351 uen-

1146 4383 1349 4429 domina
1385 4382 1558 4429 XYZ:
1597 4396 1686 4432 scr.
1733 4381 2033 4429 Vindouona
2070 4396 2109 4429 s.
2152 4381 2449 4429 Vindobona
2732 4381 2791 4429 17
2837 4385 3099 4430 sarmatuis
3142 4383 3184 4427 O
3464 4385 3690 4432 diximus
3734 4373 3824 4432 OB
4092 4384 4180 4453 ex]
4217 4395 4270 4437 et
4311 4389 4350 4435 O

1147 4463 1309 4531 parte]
1344 4468 1398 4514 in
1436 4474 1578 4530 parte
1616 4468 1675 4530 B,
1719 4472 1912 4529 partem
1951 4467 2139 4515 AXYZ
2419 4467 2481 4516 18
2521 4468 2580 4515 ad
2617 4480 2716 4517 om.
2753 4467 2795 4514 O
3057 4473 3453 4532 castragcastram
3482 4473 3823 4530 Almartenam
3862 4471 4061 4539 urbem]
4098 4485 4255 4522 castra
4292 4490 4409 4524 mar-

1146 4560 1265 4601 tena
1307 4552 1413 4614 OB,
1456 4560 1673 4601 castrum
1710 4568 1937 4602 arcenam
1983 4557 2262 4616 (arcennam
2312 4553 2370 4615 Y)
2411 4555 2467 4600 in
2507 4554 2682 4600 urbem
2723 4554 2893 4600 XYZ:
2939 4548 3152 4621 Κάστρα
3188 4549 3388 4622 Μάρτις
3425 4557 3564 4616 apud
3600 4557 3874 4606 Hieroclem
3905 4575 3958 4619 p.
3991 4563 4094 4608 655
4324 4578 4416 4624 quo

1148 4636 1356 4705 genere]
1394 4654 1492 4700 quo
1529 4645 1680 4699 gente
1725 4639 1783 4698 O,
1826 4654 1925 4700 qua
1961 4646 2110 4699 gente
2148 4640 2194 4685 B
2407 4637 2468 4687 19
2506 4636 2704 4704 bliuila]
2745 4640 2979 4687 bliuialas
3024 4641 3129 4698 OB,
3173 4642 3479 4690 bliuiliorum
3520 4645 3654 4690 XYZ
3860 4648 4271 4707 pentabolitanus
4313 4648 4353 4695 O

1147 4726 1302 4786 proila
1340 4725 1446 4787 PA,
1488 4726 1659 4773 froilas
1705 4725 1813 4786 OB,
1855 4726 2025 4773 serolla
2061 4726 2111 4772 Χ
2122 4725 2199 4772 ΥΖ
2439 4722 2608 4791 bessa]
2645 4725 2773 4772 lessa
2828 4725 2885 4787 O,
2929 4729 3077 4774 besea
3114 4728 3220 4788 XZ,
3268 4729 3415 4776 basea
3466 4729 3505 4775 ἵ
3766 4730 3831 4780 20
3871 4729 4020 4798 scyri]
4059 4734 4204 4782 ΗΡΧ
4215 4736 4261 4796 Υ,
4305 4737 4416 4784 sciri

1157 4810 1339 4858 VAOB
1616 4807 1757 4877 uero]
1795 4816 1962 4859 autem
2004 4811 2103 4857 XY
2373 4810 2596 4871 sadagari
2636 4812 2698 4870 A,
2753 4814 2984 4871 satagarii
3021 4813 3086 4871 B,
3129 4816 3386 4861 samarii
3430 4815 3685 4875 (sagagorii
3732 4813 3809 4875 02)
3862 4817 3942 4876 Ol,
3986 4819 4224 4868 sadacarii
4262 4823 4310 4868 X
4323 4823 4360 4868 Y

1147 4893 1293 4963 certi]
1330 4899 1485 4946 ceteri
1522 4898 1671 4945 BXY
1871 4897 2088 4945 candach
2140 4898 2190 4956 Y,
2234 4898 2438 4944 candaci
2481 4897 2537 4956 Z,
2579 4899 2769 4945 candax
2807 4899 2853 4944 Β
3064 4899 3322 4947 scithicam
3362 4902 3406 4946 A
3633 4901 3692 4949 21
3737 4907 3999 4952 moesaiam
4044 4906 4085 4951 O
4295 4911 4420 4956 acci·

1150 4991 1334 5044 perunt
1377 4982 1418 5029 O
1698 4979 2165 5049 alanouiiamuthis]
2204 4969 2450 5043 HP⁶V0‚
2494 4985 2921 5032 alanouiamuthis
2959 4984 3201 5034 P‘XYZ.
3244 4987 3676 5035 alaniuuamuthis
3714 4989 3776 5046 B,
3819 4991 4274 5041 alanouuamoctbis
4311 4996 4354 5041 A

1150 5070 1248 5116 mei
1285 5070 1444 5130 patris
1484 5069 1530 5116 Β
1810 5067 1875 5117 22
1923 5070 2059 5132 paria
2095 5069 2145 5116 id
2184 5075 2261 5116 est
2298 5066 2467 5135 meus]
2514 5071 2675 5130 patria
2711 5070 2763 5117 id
2807 5077 2884 5118 est
2921 5085 3061 5118 meus
3100 5073 3260 5132 ΧΥΖ,
3321 5072 3689 5134 parialdemeus
3732 5073 3822 5121 OB
4099 5078 4290 5126 candax
4335 5079 4420 5126 OB

1149 5152 1215 5203 23
1252 5169 1350 5216 que
1387 5169 1484 5202 om.
1514 5156 1558 5202 A
1802 5157 1939 5203 fliius
1976 5156 2021 5202 B
2264 5156 2528 5216 gunthigis
2567 5155 2822 5215 ΡνΑοΒ,
2868 5159 3089 5218 guntigis
3128 5159 3227 5205 >rr
3468 5160 3580 5220 nna-g
3606 5143 3684 5206 ῖιῖι
3721 5160 3877 5222 HPV,
3935 5166 4169 5223 magister
4208 5167 4416 5213 miiitum

1149 5241 1308 5298 AOB,
1358 5241 1505 5300 magn
1541 5226 1631 5288 mi—l
1665 5242 1727 5303 Χ,
1769 5256 1865 5288 om.
1907 5242 2005 5300 YZ,
2046 5242 2121 5288 Iu'c
2159 5243 2210 5288 in
2246 5244 2404 5301 spatio
2439 5256 2598 5290 vacuo
2836 5239 2962 5309 filio]
2998 5245 3134 5291 filius
3172 5245 3233 5304 B,
3276 5259 3372 5294 om.
3402 5246 3458 5291 H
3661 5246 3865 5306 andagis
3907 5249 3997 5295 OB
4234 5249 4296 5299 24
4334 5266 4418 5299 an·

1152 5322 1290 5391 dele]
1326 5325 1487 5387 HPV‚
1529 5326 1707 5373 andale
1750 5326 1807 5387 O,
1851 5328 2057 5374 andalae
2097 5328 2159 5382 B,
2202 5327 2428 5374 andelam
2470 5329 2517 5375 X
2530 5329 2621 5386 YZ,
2666 5328 2869 5378 andales
2909 5331 2953 5376 A
3160 5332 3399 5379 molorum
3446 5332 3488 5378 O
3698 5333 4072 5383 discendentem
4117 5337 4175 5390 O,
4219 5338 4417 5385 descen-

1151 5414 1276 5460 dens
1316 5412 1377 5471 B,
1421 5413 1775 5461 descendentis
1813 5413 1858 5459 A
2136 5409 2440 5478 agramatus]
2479 5414 2639 5473 HPV,
2683 5423 3021 5474 agrammatus
3063 5417 3264 5478 OBXY,
3309 5427 3636 5478 agrammatos
3675 5421 3718 5465 A
3990 5420 4272 5488 iordannis]
4306 5424 4415 5480 ΗΡ,

1153 5499 1368 5546 iordanis
1404 5499 1643 5557 VAXYZ‚
1687 5498 1957 5546 iornandis-
1988 5497 2079 5544 OB
2289 5498 2354 5547 25
2392 5502 2824 5548 conuersationem
2863 5502 2903 5547 V
3108 5518 3268 5550 meam
3307 5518 3403 5552 om.
3439 5506 3483 5550 A
3693 5503 3828 5572 rugi]
3868 5508 3971 5566 regi
4015 5506 4057 5552 O
4270 5524 4413 5558 nonn.

1153 5592 1254 5633 nat.
1298 5586 1340 5631 A
1553 5580 1760 5650 bizzim]
1796 5586 1926 5631 bizzi
1965 5587 2025 5646 A,
2069 5585 2255 5632 biozim
2297 5584 2419 5631 OB:
2464 5587 2763 5646 intellcyitur
2805 5587 2953 5648 Bizye
2990 5589 3227 5649 oppidum
3270 5590 3504 5637 Thraciae
3540 5605 3642 5638 non
3679 5593 3824 5651 lonye
3860 5608 3888 5640 a
3933 5594 4358 5656 Constantinopoli

1153 5667 1525 5737 arcadiopolim]
1562 5671 1943 5733 archadiopolim
1980 5673 2041 5730 A,
2087 5671 2431 5733 arcadiapolim
2471 5671 2575 5732 21⁰,
2615 5673 3035 5736 asschadiopolim
3079 5674 3138 5733 O,
3179 5677 3595 5738 asscandiopolim
3625 5678 3702 5724 B:
3743 5679 4041 5739 intelleyitur
4066 5682 4415 5743 Arcadiopolis,

1152 5758 1267 5804 olim
1306 5758 1540 5818 Berqula,
1585 5756 1826 5818 oppidum
1862 5757 2009 5817 Bizye
2045 5759 2264 5805 vicinum
