4882 6775
1110 468 1193 528 70
2561 465 2794 520 IORDA
2802 464 2919 521 NIS

912 651 1069 718 VIII
1113 654 1629 739 Penthesileam,
1697 656 1878 721 cuius
1922 653 2198 722 Troiano
2255 654 2432 722 bello
2488 660 2712 721 extant
2753 655 3113 721 clarissima
3156 655 3538 721 documenta
3556 657 3627 737 ¹).
3722 673 3870 719 nam
3915 652 4041 718 hae
4085 650 4364 717 feminae

1113 777 1320 839 usque
1366 759 1452 823 ad
1495 759 1939 824 Alexandrum
1982 760 2290 843 Magnum
2334 758 2701 825 referuntur
2740 760 3027 825 tenuisse
3071 759 3360 842 regimen
3375 760 3450 842 ²).

841 860 936 923 IX
986 862 1066 923 58
1288 860 1420 926 Sed
1466 881 1547 927 ne
1594 862 1804 927 dicas:
1875 862 1957 928 de
2015 862 2171 927 viris
2218 862 2571 928 Gothorum
2624 881 2832 928 sermo
2876 863 3257 947 adsumptus
3303 881 3415 927 cur
3456 863 3524 925 in
3582 861 3856 926 feminas
3912 859 4156 925 tamdiu
4218 878 4365 943 per-

1109 970 1406 1030 severat?
1493 965 1647 1030 audi
1694 972 1760 1030 et
1802 965 2079 1031 virorum
2124 966 2444 1048 insignem
2490 972 2557 1031 et
2599 965 2995 1031 laudabilem
3042 966 3499 1030 fortitudinem.
3604 964 3726 1028 Dio
3773 962 4041 1029 storicus
4086 968 4153 1027 et
4197 960 4363 1026 anti-

1110 1066 1426 1148 quitatum
1471 1066 2008 1151 diligentissimus
2052 1067 2411 1151 inquisitor,
2465 1068 2576 1151 qui
2621 1069 2798 1152 operi
2843 1088 2960 1133 suo
2993 1068 3224 1133 Getica
3265 1068 3516 1132 titulum
3566 1067 3745 1132 dedit
3790 1068 3969 1150 (quos
4000 1066 4203 1130 Getas
4230 1065 4363 1129 iam
4404 1082 4429 1122 5

1110 1171 1425 1255 superiori
1468 1171 1606 1236 loco
1629 1175 1670 1256 ³)
1727 1171 1970 1237 Gothos
2000 1189 2147 1237 esse
2175 1172 2610 1257 probavimus,
2664 1172 2889 1237 Orosio
2920 1172 3121 1237 Paulo
3141 1172 3185 1254 ⁴)
3239 1169 3509 1254 dicente)
3565 1207 3652 1216 —
3693 1169 3799 1234 hic
3829 1169 3952 1234 Dio
3983 1188 4203 1251 regem
4232 1167 4364 1232 illis

1108 1280 1257 1357 post
1298 1281 1587 1359 tempora
1630 1275 1834 1339 multa
1857 1283 2329 1356 ⁸commemorat
2372 1276 2628 1341 nomine
2675 1275 2996 1340 Telefum.
3089 1296 3171 1341 ne
3228 1295 3381 1340 vero
3441 1275 3584 1357 quis
3644 1274 3817 1339 dicat
3873 1272 3994 1337 hoc
4049 1292 4282 1337 nomen
4325 1291 4366 1336 a

1113 1377 1339 1459 lingua
1384 1377 1663 1442 Gothica
1708 1379 1965 1443 omnino
2009 1379 2419 1464 peregrinum
2466 1398 2646 1460 esse,
2698 1399 2884 1444 nemo
2930 1379 3040 1460 qui
3084 1379 3333 1443 nesciat
3375 1376 3848 1442 animadvertat
3891 1395 4013 1440 usu
4058 1377 4363 1459 pleraque

1109 1480 1367 1543 nomina
1410 1486 1636 1562 gentes
1682 1480 2006 1564 amplecti,
2060 1488 2130 1546 ut
2172 1482 2446 1547 Romani
2489 1483 2932 1564 Macedonum,
2987 1481 3176 1546 Greci
3221 1482 3669 1560 Romanorum,
3723 1479 4056 1543 Sarmatae
4096 1478 4368 1541 Germa-

985 1586 1068 1645 59
1113 1601 1356 1664 norum,
1412 1582 1606 1647 Gothi
1650 1583 2028 1667 plerumque
2073 1590 2443 1649 mutuantur
2485 1585 2881 1650 Hunnorum.
2975 1583 3035 1648 is
3079 1603 3232 1666 ergo
3277 1582 3565 1663 Telefus,
3616 1580 3916 1647 Herculis
3960 1580 4133 1645 filius
4178 1586 4366 1644 natus
4409 1598 4467 1639 ιο

1109 1705 1188 1749 ex
1234 1686 1440 1767 Auge,
1495 1686 1727 1750 sororis
1769 1686 2010 1750 Priami
2055 1686 2349 1769 coniugio
2395 1686 2753 1770 copulatus,
2807 1705 3108 1771 procerus
3152 1685 3411 1768 quidem
3460 1704 3741 1769 corpore,
3794 1683 3911 1749 sed
3955 1683 4103 1767 plus
4148 1682 4367 1764 vigore

1109 1788 1450 1870 terribilia,
1517 1789 1627 1871 qni
1685 1795 2022 1873 paternam
2068 1789 2507 1855 fortitudinem
2551 1775 2823 1874 propriis
2867 1790 3212 1855 virtutibus
3257 1808 3544 1870 aequans
3590 1786 3890 1852 Herculis
3933 1786 4194 1869 genium
4239 1784 4369 1849 for-

1108 1910 1252 1955 mae
1316 1896 1569 1974 quoque
1636 1891 2119 1958 similitudinem
2187 1892 2510 1959 referebat
2528 1898 2602 1976 5).
2697 1893 2889 1958 huius
2954 1893 3172 1976 itaque
3240 1912 3509 1974 regnum
3576 1888 3884 1956 Moesiam
3952 1889 4367 1974 appellavere

1108 1993 1384 2059 maiores
1399 1998 1472 2075 θ).
1568 2014 1735 2077 quae
1780 1996 2110 2078 provincia
2153 1996 2351 2061 habet
2392 1997 2477 2062 ab
2521 1997 2762 2062 oriente
2808 1995 2975 2061 ostia
3017 1994 3301 2060 fluminis
3345 1993 3667 2073 Danubii,
3735 2013 3776 2057 a
3839 1991 4107 2057 meridie
4152 1976 4406 2055 Mace)

984 2102 1067 2161 60
1113 2096 1344 2179 donia,
1411 2098 1495 2163 ab
1540 2116 1772 2162 occasu
1816 2098 2098 2179 Histria,
2162 2119 2203 2163 a
2247 2100 2679 2183 septentrione
2726 2097 3093 2164 Danubium
3113 2101 3188 2181 ⁷).
3283 2098 3343 2162 is
3387 2118 3541 2180 ergo
3586 2096 3911 2161 antefatus
3954 2095 4182 2160 habuit
4224 2095 4367 2159 bel-
4409 2117 4468 2155 ιε»

1109 2199 1241 2264 lum
1289 2220 1430 2264 cum
1473 2200 1742 2279 Danais,
1792 2201 1861 2265 in
1906 2221 2033 2284 qua
2076 2222 2295 2286 pugna
2339 2202 2791 2267 Thesandrum
2838 2202 3068 2267 ducem
3114 2202 3384 2267 Greciae
3429 2200 3751 2266 interemit
3794 2207 3858 2264 et
3902 2198 4054 2263 dum
4098 2198 4362 2262 Aiacem

1106 2302 1382 2367 infestus
1426 2302 1680 2367 invadit
1723 2304 2091 2388 Vliximque
2151 2307 2588 2390 persequitur,
2653 2306 2893 2370 vitibus
2953 2324 3118 2387 equo
3177 2305 3448 2370 cadente
3501 2304 3643 2389 ipse
3687 2302 3922 2368 corruit
3962 2300 4367 2381 Achillisque

1108 2404 1322 2471 iaculo
1367 2404 1576 2470 femur
1619 2406 1946 2471 sauciatus
1993 2406 2105 2472 diu
2150 2408 2397 2473 mederi
2443 2408 2762 2490 nequivit3
2831 2409 3072 2474 Grecos
3116 2413 3369 2491 tamen,
3436 2406 3731 2489 quamvis
3786 2405 3918 2470 iam
3972 2403 4264 2484 saucius,
4331 2422 4368 2468 e

1283 2854 2024 2919 HPVLAOBx(rz).

1288 3025 1310 3074 1
1352 3027 1546 3075 troiana
1581 3028 1626 3074 B
1867 3026 1898 3075 2
1936 3028 2290 3077 alaexandrum
2331 3027 2374 3075 O
2604 3043 2841 3090 magnum
2877 3042 2972 3077 om.
3015 3030 3058 3076 A
3305 3028 3335 3077 3
3373 3028 3655 3088 gotthorum
3695 3026 3739 3074 O
3971 3027 4262 3088 adsumptos
4300 3025 4364 3089 Ο,

1112 3114 1216 3162 ads,
1257 3118 1336 3161 est
1372 3114 1467 3161 AX
1481 3114 1528 3173 Y,
1569 3113 1673 3162 ads.
1715 3128 1812 3175 que
1853 3114 1894 3161 Z
2123 3115 2406 3176 i‘(o)eminis
2443 3115 2537 3162 ΒΧ
2548 3115 2585 3162 Υ
2804 3110 3116 3180 perseuerat]
3152 3114 3539 3175 HPVLAXYZ,
3578 3115 3857 3175 perseuerit
3897 3112 3959 3176 O,
3998 3117 4290 3174 perseueret
4322 3112 4371 3158 Β

1111 3198 1142 3248 4
1181 3199 1230 3246 hi
1243 3200 1337 3260 (vel
1356 3201 1639 3272 y)storicus.
1662 3182 1857 3246 AOBX
1867 3200 1904 3246 Y
2176 3201 2206 3249 5
2245 3196 2429 3266 getica]
2466 3203 2626 3261 gretia
2662 3202 2708 3248 B
2985 3200 3017 3250 6
3053 3198 3322 3267 superiori]
3358 3203 3527 3262 superi
3567 3201 3619 3247 Η
3894 3196 4093 3265 gothos]
4129 3213 4218 3247 nos
4254 3198 4296 3245 L

1111 3287 1436 3348 prouauimus
1472 3286 1529 3347 P,
1570 3287 1889 3347 probabimus
1930 3284 1973 3332 O
2215 3287 2405 3335 horosio
2449 3286 2491 3333 O
2736 3283 2841 3354 dio]
2881 3288 2968 3336 diu
3009 3286 3052 3334 O
3330 3287 3357 3335 7
3397 3289 3553 3336 multa
3586 3293 3809 3348 tempora
3845 3287 3891 3333 A
4134 3282 4372 3351 telefum]

1112 3370 1366 3433 HPVLX,
1408 3372 1654 3420 theletum
1701 3371 1753 3432 Y,
1793 3371 2053 3433 telephum
2091 3370 2234 3419 AOB
2500 3373 2663 3424 dicam
2704 3371 2747 3420 O
3023 3371 3054 3422 8
3089 3374 3190 3435 liga
3227 3371 3318 3436 A“,
3359 3374 3495 3434 linga
3530 3359 3601 3419 Ab
3860 3385 4005 3420 nemo
4039 3370 4301 3421 delendum

1114 3459 1518 3506 animaaduertat
1562 3457 1618 3516 V,
1664 3458 1998 3507 animaduerti
2039 3457 2099 3520 Ο,
2139 3459 2496 3507 animaduertit
2531 3459 2593 3521 B,
2641 3460 3003 3508 animaduertat
3040 3465 3206 3507 tamen
3245 3460 3289 3506 A
3498 3473 3646 3507 usum
3689 3457 3732 3505 O
3940 3459 3972 3507 9
4007 3460 4174 3519 gentis
4214 3457 4300 3505 OB

1114 3544 1430 3592 macedorum
1465 3543 1510 3590 L
1735 3543 1798 3593 10
1836 3540 2147 3610 hunnorum]
2183 3546 2459 3593 bannorum
2494 3544 2867 3608 13⁰,aunorum
2910 3545 2970 3605 O,
3012 3545 3259 3594 hunorum
3296 3545 3454 3605 XYZ,
3493 3559 3707 3593 unorum
3744 3545 3821 3591 A:
3858 3546 4085 3593 similiter
4113 3547 4301 3606 passim

1113 3630 1195 3679 his
1241 3629 1404 3678 VAO‘⁸
1647 3629 1872 3679 theletus
1908 3631 2017 3694 ΧΥ,
2057 3631 2290 3693 telephus
2332 3630 2390 3691 O,
2433 3631 2701 3694 thelephus
2737 3631 2797 3694 B,
2840 3632 3049 3679 telesius
3086 3632 3132 3679 A
3374 3632 3583 3680 hirculis
3622 3631 3666 3679 O
3947 3630 4001 3679 11
4046 3628 4135 3697 ex]
4169 3638 4222 3679 et
4257 3633 4301 3678 A

1114 3731 1276 3765 sorore
1319 3716 1406 3763 OB
1620 3715 1680 3764 12
1717 3718 1809 3778 qui
1843 3732 1938 3766 om.
1981 3718 2027 3764 B
2234 3717 2443 3765 hirculis
2486 3717 2528 3763 O
2734 3718 2882 3779 genio
2926 3717 3029 3780 OB,
3078 3718 3339 3778 ingenium
3379 3718 3594 3765 AXYZ:
3631 3717 3840 3777 fortasse
3874 3716 3979 3775 suit
4014 3717 4246 3765 Herculis
4281 3731 4370 3777 ge-

1116 3805 1279 3851 nitum
1317 3805 1503 3851 formae
1540 3816 1737 3863 quoque
1762 3803 2098 3852 similitudine
2121 3805 2370 3851 referebat
2582 3802 2645 3852 13
2681 3818 2888 3864 regnum
2924 3817 3020 3852 om.
3057 3802 3099 3849 O
3304 3805 3491 3851 moesia
3522 3803 3626 3863 VL,
3663 3805 3898 3851 maesiam
3922 3804 3966 3850 A
4181 3804 4242 3852 14
4278 3804 4369 3851 ha-

1117 3891 1202 3936 bet
1233 3893 1342 3949 post
1386 3887 1446 3936 15
1484 3889 1759 3937 danubium
1802 3888 1890 3935 OB
2097 3896 2189 3938 ost.
2233 3890 2292 3936 ab
2329 3903 2400 3939 or.
2440 3891 2481 3935 A
2694 3885 3004 3955 macedonia]
3042 3889 3248 3951 HPVL,
3288 3890 3622 3937 macedoniam
3648 3888 3889 3936 AOBXY
4097 3889 4158 3937 15
4196 3889 4372 3937 histria

1124 3976 1284 4036 (istria
1308 3975 1370 4037 L,
1411 3975 1643 4023 histriam
1669 3974 1789 4036 ΧΥ)
1830 3990 1859 4022 a
1894 3971 2261 4041 septentrione]
2297 3975 2526 4034 hytrione
2569 3974 2673 4037 OB,
2716 3976 2946 4023 histriam
2983 3977 3045 4023 ab
3080 3989 3246 4023 arccoo
3288 3977 3389 4037 (sic)
3432 3976 3478 4022 A
3686 3974 3764 4022 his
3809 3975 3851 4021 V
4053 3980 4172 4023 ante
4207 3978 4371 4024 tactus

1121 4062 1165 4109 O
1396 4060 1463 4110 16
1500 4062 1672 4109 donais
1710 4062 1801 4109 ΡΟ
2008 4057 2356 4127 thesandrum]
2391 4060 2695 4122 HPVLOX,
2734 4061 3084 4109 thessandrum
3130 4062 3179 4121 Y,
3223 4061 3550 4109 thessandum
3586 4061 3648 4122 B,
3690 4060 3983 4109 tesaudrum
4019 4063 4063 4107 A
4269 4062 4374 4109 aia-

1117 4162 1225 4196 cem
1267 4147 1310 4193 O
1546 4146 1602 4196 17
1643 4143 1947 4213 uliximque]
1985 4147 2146 4210 HPL,
2186 4149 2480 4209 ulixemque
2524 4146 2754 4194 VAOBX
2763 4147 2802 4193 Y
3026 4143 3242 4213 uitibus]
3282 4146 3518 4209 Classius,
3560 4149 3758 4195 uicibus
3799 4147 4023 4209 (nixibus
4048 4146 4147 4218 ῤ’)
4190 4148 4303 4196 libri

1117 4234 1360 4284 candente
1405 4234 1447 4280 V
1548 4216 1551 4219 ⁴
1649 4234 1924 4295 achilisque
1967 4233 2027 4296 O,
2070 4234 2340 4295 achillique
2380 4235 2426 4281 A
2658 4231 2717 4282 18
2754 4235 2940 4282 femore
2983 4232 3040 4296 O,
3084 4234 3298 4282 foemore
3336 4233 3379 4279 B
3587 4235 3848 4281 sanxiatus
3884 4233 3929 4280 Ι,
4136 4235 4226 4282 diu
4260 4248 4374 4282 me-

1115 4316 1246 4387 deri]
1286 4321 1332 4367 Χ
1342 4321 1391 4381 Υ,
1441 4321 1527 4369 diu
1564 4319 1781 4369 maederi
1818 4321 1881 4381 B,
1922 4321 2004 4369 dio
2039 4320 2214 4368 nederi
2256 4319 2317 4380 O,
2356 4320 2650 4368 diomedem
2689 4318 2780 4380 ΙΙ,
2821 4320 3047 4368 diomede
3083 4307 3315 4382 HPVLb,
3359 4319 3638 4369 diomedem
3677 4321 3721 4365 A
3928 4318 4184 4387 quamuis]
4221 4335 4373 4382 quam

1117 4407 1186 4454 Al
1393 4421 1421 4455 e
1457 4421 1555 4457 om.
1585 4408 1630 4453 A

1293 4734 1339 4798 1)
1387 4734 1589 4783 Orosius
1629 4739 1675 4794 1,
1722 4736 1816 4782 15:
1874 4738 1989 4796 post
2036 4732 2315 4791 Orithyiam
2363 4732 2690 4781 Penthesilea
2735 4745 2885 4792 regno
2935 4733 3095 4793 potita
3143 4737 3248 4793 est,
3303 4734 3449 4781 cuius
3486 4734 3698 4782 Troiano
3744 4735 3874 4782 helio
3923 4736 4195 4783 clarissima
4241 4727 4375 4784 inter

1120 4823 1251 4870 viros
1286 4822 1589 4870 documenta
1624 4821 1829 4868 virtutis
1865 4821 2166 4880 accepimus.
2241 4818 2311 4877 cs.
2355 4820 2582 4866 Iustinus
2620 4820 2668 4881 9,
2711 4822 2761 4877 4,
2801 4820 2887 4867 31.

1290 4906 1339 4968 2)
1385 4909 1611 4955 Iustinus
1648 4909 1697 4968 2,
1738 4909 1787 4968 4,
1828 4907 1931 4954 32:
1985 4906 2254 4954 interfecta
2289 4905 2473 4952 deinde
2511 4905 2827 4953 Penthesilea
2866 4939 2880 4953 .
2911 4938 2926 4953 .
2958 4938 2972 4953 .
3012 4918 3202 4965 paucae
3239 4919 3369 4966 quae
3403 4906 3459 4952 in
3496 4919 3645 4965 regno
3682 4913 4027 4956 remanserant
4064 4942 4079 4957 .
4110 4942 4124 4957 .
4157 4942 4171 4957 .
4211 4921 4375 4969 usque

1118 4995 1180 5042 ad
1217 5002 1438 5056 tempora
1473 4993 1752 5042 Alexandri
1790 4994 1959 5052 magni
1995 4991 2319 5041 duraverunt.

1290 5079 1339 5142 3)
1381 5078 1454 5140 es.
1494 5095 1539 5128 c.
1581 5082 1613 5128 5
1646 5083 1680 5137 8
1717 5080 1803 5126 40.

1291 5166 1339 5226 4)
1388 5165 1590 5213 Orosius
1628 5168 1673 5224 1,
1720 5166 1819 5212 16.-
1854 5164 1996 5212 modo
2031 5168 2202 5212 autem
2239 5164 2395 5211 Getae
2431 5164 2535 5225 ilii,
2576 5164 2667 5224 qui
2703 5167 2767 5210 et'
2791 5176 2929 5210 nunc
2965 5163 3134 5213 Gothi.

1294 5252 1343 5312 5)
1383 5250 1453 5312 cf.
1484 5251 1660 5311 Dictys
1686 5253 1733 5311 2,
1765 5254 1829 5298 4.·
1872 5250 2160 5312 (Telephus)
2192 5249 2411 5297 Hercule
2445 5251 2649 5310 genitus
2685 5261 2919 5310 procerus
2954 5262 3153 5311 corpore
3189 5264 3245 5298 ac
3280 5250 3473 5311 pollens
3509 5251 3700 5298 viribus
3736 5251 3922 5299 divinis
3959 5253 4136 5313 patriis
4172 5254 4376 5301 virtuti·

1118 5340 1212 5386 bus
1248 5337 1499 5400 propriam
1539 5337 1742 5397 gloriam
1778 5338 2202 5398 aequiparaverat.
2277 5351 2320 5384 c.
2361 5337 2427 5383 3.-
2470 5336 2812 5384 Teuthranius
2842 5335 3154 5385 Teuthrante
3191 5340 3243 5382 et
3267 5338 3410 5395 Auge
3447 5337 3649 5396 genitus
3686 5340 3837 5386 frater
3871 5338 4081 5399 Telephi
4120 5342 4371 5388 uterinus.

1118 5439 1162 5474 c.
1203 5427 1234 5473 5
1253 5440 1270 5470 .·
1309 5423 1592 5482 Astyochea
1629 5424 1768 5470 enim
1805 5422 1988 5471 Priami
2023 5423 2246 5469 iunctam
2283 5423 2386 5470 sibi
2429 5421 2683 5483 (Telepho)
2725 5423 3061 5471 matrimonio.
3126 5421 3261 5482 apud
3290 5422 3534 5480 Quintum
3558 5415 3886 5485 Smyrnaeum
3917 5428 3967 5487 6,
3998 5427 4096 5474 1³5
4136 5426 4376 5486 Astyoche

1118 5525 1220 5557 non
1255 5511 1362 5572 {ilia
1398 5509 1588 5556 Priami
1624 5514 1709 5569 est,
1752 5513 1810 5556 ut
1844 5507 1983 5569 apud
2018 5508 2220 5570 Dictyn,
2260 5508 2343 5556 sed
2377 5521 2528 5571 soror,
2570 5514 2626 5556 ut
2660 5509 2799 5570 apud
2835 5507 3115 5556 Iordanem.

1292 5595 1339 5657 6)
1382 5595 1451 5657 ef.
1495 5594 1668 5656 Dictys
1707 5595 1753 5656 2,
1799 5599 1823 5642 1
1847 5609 1862 5640 .-
1902 5593 2159 5656 Telephus
2198 5629 2212 5644 .
2245 5628 2259 5643 .
2291 5627 2305 5643 .
2345 5600 2454 5641 tum
2491 5593 2710 5643 Moesiae
2748 5595 3016 5656 imperator
3052 5599 3176 5644 erat.

1295 5682 1343 5743 7)
1392 5682 1594 5729 Orosius
1635 5684 1677 5741 1,
1723 5684 1769 5742 1,
1813 5682 1915 5729 55:
1962 5681 2149 5728 Moesia
2193 5682 2255 5729 ab
2299 5681 2495 5728 oriente
2542 5680 2695 5728 habet
2730 5682 2867 5728 -ostia
2912 5682 3142 5728 fluminis
3177 5681 3433 5740 Danuvii,
3485 5682 3548 5728 ab
3596 5694 3717 5729 euro
3754 5681 4046 5743 Thraciam,
4100 5700 4128 5731 a
4166 5685 4374 5733 meridie

1123 5767 1476 5826 Macedoniam,
1520 5769 1579 5814 ab
1615 5768 1787 5814 Africo
1824 5766 2148 5828 Dalmatiam,
2187 5768 2248 5813 ab
2283 5771 2456 5814 occasu
2496 5767 2759 5826 Histriam,
2801 5783 2831 5814 a
2862 5768 3009 5815 circio
3046 5766 3371 5826 Pannoniam,
3414 5782 3442 5813 a
3478 5768 3821 5828 septentrione
3858 5768 4164 5820 Danuvium.
