4882 6775
418 1640 478 1682 10

421 2156 482 2197 15

426 2669 486 2712 20

1980 501 2281 560 GETICA.
3657 508 3718 570 11
3738 510 3774 570 5

512 690 728 771 refert,
767 698 1192 773 removerunt,
1230 711 1356 757 non
1388 692 1549 773 urbi,
1590 692 1693 757 cui
1725 690 1968 757 inimici
1998 699 2200 773 erant,
2240 693 2669 774 consulentes,
2722 692 2839 758 8811
2870 693 3110 758 Alarici
3139 695 3462 775 quondam
3485 695 3774 778 Vesego-
3820 694 4006 759 XLII

512 793 767 860 tharum
811 794 985 878 regis
1031 795 1381 861 obicientes
1427 796 1744 880 exemplo,
1798 795 1985 861 veriti
2030 795 2203 879 regis
2250 795 2351 861 sui
2394 794 2734 877 fortunam,
2787 795 2941 879 quia
2983 795 3096 861 ille
3141 802 3290 881 post
3333 796 3602 862 fractam
3650 798 3777 862 Ro-

516 916 688 962 mam
747 917 877 963 non
937 897 1048 963 diu
1109 897 1558 983 supervixerit,
1628 899 1745 965 sed
1803 898 2097 983 protinus
2156 900 2349 965 rebus
2405 898 2706 963 humanis
2765 898 3062 965 excessit.
3174 899 3371 982 igitur
3428 898 3578 964 dum
3632 900 3772 965 eius
3821 902 3944 964 223

516 1000 769 1066 animus
827 1002 1089 1086 ancipiti
1146 1001 1404 1085 negotio
1455 1002 1623 1067 inter
1662 1002 1757 1067 ire
1818 1009 1884 1068 et
1926 1021 2052 1067 non
2094 1002 2188 1067 ire
2235 1001 2573 1068 fluctuaret
2630 1020 2975 1085 secumque
3037 1001 3404 1068 deliberans
3461 1003 3769 1083 tardaret,

517 1105 776 1189 placida
819 1105 881 1170 ei
925 1104 1168 1186 legatio
1212 1123 1251 1169 a
1296 1105 1497 1169 Roma
1538 1104 1822 1171 advenit.
1915 1125 2065 1170 nam
2111 1106 2241 1170 Leo
2285 1124 2460 1189 papa
2521 1124 2635 1189 per
2679 1123 2748 1171 se
2795 1104 2881 1170 ad
2926 1124 3072 1170 eum
3131 1106 3451 1172 accedens
3510 1105 3578 1170 in
3621 1124 3778 1189 agro

516 1210 830 1273 Venetum
890 1207 1274 1289 Ambulei0‚
1345 1208 1457 1272 ubi
1515 1207 1789 1273 Mincius
1849 1207 2056 1272 amnis
2116 1208 2607 1273 commeantium
2665 1206 3176 1291 frequentatione
3234 1209 3564 1275 transitur.
3670 1209 3780 1292 qui

517 1330 664 1376 mox
710 1298 1009 1396 deposuit
1053 1310 1408 1376 exercitatu
1456 1310 1666 1376 furore
1713 1318 1777 1376 et
1821 1309 2098 1392 rediens,
2150 1330 2278 1393 quo
2330 1317 2616 1391 venerat,
2668 1309 2791 1375 iter
2835 1312 3003 1376 ultra
3047 1312 3414 1377 Danubium
3460 1311 3779 1396 promissa

516 1433 677 1499 pace
722 1413 1113 1496 discessit¹),
1164 1412 1330 1479 illud
1374 1433 1490 1498 pre
1535 1413 1831 1479 omnibus
1876 1413 2266 1479 denuntians
2312 1421 2506 1497 atque
2534 1414 3008 1480 intermina-ndo
3055 1415 3427 1495 decernens,
3480 1414 3780 1499 graviora

517 1535 589 1583 88
633 1515 701 1580 18
744 1516 937 1581 Italia
989 1517 1359 1598 inlaturum,
1424 1517 1550 1582 nisi
1609 1517 1695 1583 ad
1755 1535 1824 1582 se
1869 1515 2217 1583 Honoriam
2265 1516 2705 1583 Valentiniani
2766 1517 3073 1601 principis
3131 1522 3524 1602 germanam,
3579 1516 3778 1581 filiam

518 1619 846 1685 Placidiae
902 1619 1255 1703 Augustae,
1322 1639 1468 1685 cum
1525 1620 1811 1704 portione
1872 1619 1997 1685 sibi
2058 1619 2374 1702 regalium
2422 1639 2615 1704 opum
2675 1618 2892 1685 debita
2945 1620 3266 1687 mitterent
3282 1623 3360 1704 2).
3454 1619 3778 1685 ferebatur
3826 1623 3944 1684 224

519 1724 710 1803 enim,
762 1707 916 1805 quia
959 1721 1120 1788 11888
1151 1722 1450 1804 Ηο80118,
1505 1722 1657 1787 dum
1689 1729 1948 1807 propter
1992 1723 2184 1788 aulae
2218 1720 2414 1787 decus
2461 1721 2548 1787 ad
2593 1722 2953 1788 castitatem
2996 1729 3323 1789 teneretur
3364 1729 3519 1788 nutu
3567 1722 3780 1788 fratris

518 1827 792 1907 inclusa,
846 1826 1011 1890 clam
1058 1825 1350 1891 eunucho
1396 1826 1592 1890 misso
1637 1825 1905 1891 Attilam
1951 1825 2287 1905 invitasse,
2341 1831 2410 1891 ut
2456 1831 2677 1891 contra
2721 1824 2938 1890 fratris
2984 1825 3332 1909 potentiam
3378 1826 3518 1891 eius
3562 1833 3780 1909 patro-

520 1929 704 1995 ciniis
735 1929 1057 1994 uteretur:
1110 1946 1374 2012 prorsus
1404 1928 1740 2013 indignum
1773 1928 2047 2011 facinus,
2102 1935 2173 1994 ut
2202 1928 2530 1994 licentiam
2562 1927 2852 1994 libidinis
2884 1929 3054 1994 malo
3086 1929 3347 2013 publico
3379 1936 3776 2014 conpararet.

692 2032 1015 2096 Reversus
1072 2032 1292 2112 itaque
1338 2032 1543 2097 Attila
1587 2031 1653 2096 in
1714 2032 1903 2097 sedes
1949 2050 2100 2097 suas
2160 2038 2224 2097 et
2281 2032 2468 2115 quasi
2513 2031 2626 2097 otii
2684 2031 2982 2116 penitens
3027 2031 3436 2115 graviterque
3482 2032 3697 2097 ferens
3740 2052 3780 2096 a
3827 2032 4041 2095 XLIII
4070 2034 4196 2092 225

520 2135 693 2200 bello
738 2152 1013 2214 cessare,
1069 2133 1155 2199 ad
1201 2132 1483 2199 Orientis
1542 2134 1896 2219 principem
1958 2134 2351 2199 Marcianum
2411 2135 2662 2218 legatos
2707 2133 2946 2217 dirigit,
3017 2134 3487 2217 provinciarum
3538 2141 3783 2201 testans

519 2238 979 2319 vastationem,
1053 2238 1227 2319 quod
1286 2236 1405 2302 sibi
1469 2237 1850 2322 promissum
1898 2257 1939 2301 a
1981 2237 2346 2328 Theodosio
2391 2236 2713 2319 quondam
2771 2237 3156 2321 imperatore
3213 2237 3476 2302 minime
3534 2238 3785 2322 persol-

520 2347 776 2407 veretur
790 2344 863 2422 3),
930 2346 995 2405 et
1051 2339 1458 2405 inhumanior
1518 2340 1704 2406 solito
1752 2339 1886 2405 suis
1946 2339 2237 2405 hostibus
2297 2346 2658 2424 appareret.
2750 2338 2913 2405 haec
2959 2347 3176 2406 tamen
3236 2360 3474 2425 agens,
3536 2347 3605 2406 ut
3648 2348 3787 2406 erat

521 2452 820 2511 versutus
866 2451 931 2510 et
981 2443 1288 2523 callidus,
1352 2443 1508 2523 alibi
1555 2444 1834 2509 minatus
1878 2443 2037 2509 alibi
2084 2463 2263 2508 arma
2307 2463 2426 2509 sua
2471 2443 2832 2525 commovit,
2888 2449 2971 2523 et,
3024 2443 3195 2526 quod
3237 2444 3523 2509 restabat
3567 2442 3787 2527 indig-

522 2547 797 2627 nationi,
854 2546 1083 2612 faciem
1129 2547 1196 2611 in
1234 2547 1637 2630 Vesegothas
1682 2547 2010 2612 convertit.
2107 2546 2224 2612 sed
2268 2566 2394 2611 non
2440 2566 2620 2625 eum,
2676 2566 2866 2629 quem
2914 2546 2995 2612 de
3042 2547 3379 2627 Romanis,
3434 2546 3781 2632 reportavit
3825 2550 3949 2611 226

529 2657 849 2717 eventum.
944 2670 1094 2715 nam
1127 2669 1242 2733 per
1284 2649 1635 2715 dissimiles
1682 2649 2030 2714 anteriores
2069 2649 2211 2713 vias
2256 2667 2609 2729 recurrens,
2665 2649 3013 2714 Alanorum
3060 2657 3308 2734 partem
3339 2656 3518 2715 trans
3548 2648 3786 2715 flumen

528 2754 776 2839 Ligeris
830 2752 1265 2818 considentem
1328 2750 1551 2818 statuit
1612 2772 1766 2818 8888
1841 2752 2133 2836 redigere
2193 2750 2461 2835 dicioni,
2542 2759 2859 2834 quatenus
2921 2759 3167 2818 mutata
3224 2773 3342 2838 per
3399 2753 3575 2837 ipsos
3628 2752 3787 2818 belli

700 3049 754 3096 Η
777 3048 822 3096 Ρ
854 3048 893 3094 V
913 3047 956 3096 L
983 3048 1028 3095 A
1052 3048 1091 3097 S
1121 3047 1246 3109 (finit
1272 3046 1302 3095 2
1329 3048 1596 3109 fortunam)
1636 3047 1678 3095 O
1702 3048 1747 3096 Β
1775 3049 1821 3095 X
1848 3047 1912 3110 (Υ
1938 3048 2020 3110 Ζ).
2086 3048 2278 3096 Paulus
2303 3049 2338 3097 l.
2370 3064 2412 3098 c.
2461 3048 2544 3108 (ad
2587 3046 2647 3097 10
2685 3050 2985 3109 mitterent).
3050 3047 3315 3108 Freculsus
3340 3049 3374 3099 l.
3405 3065 3446 3098 c.
3494 3049 3580 3109 (ad
3617 3047 3646 3096 8
3685 3049 3789 3097 dis-

529 3136 719 3196 cessit).

705 3288 725 3338 1
770 3284 904 3355 urbi]
932 3295 990 3336 ut
1013 3289 1126 3336 urbi
1154 3286 1288 3334 XYZ
1483 3283 1647 3355 erant]
1673 3294 1848 3336 essent
1872 3288 1916 3336 L
2112 3283 2459 3354 consulentes]
2484 3301 2633 3336 consu
2667 3289 2770 3349 (sic)
2803 3288 2848 3335 A
3046 3287 3254 3335 halarici
3282 3287 3324 3334 V
3517 3284 3788 3355 quondam]

528 3378 731 3428 condam
757 3376 814 3439 P,
858 3375 988 3438 quod
1022 3373 1065 3422 O
1274 3374 1677 3435 uuisigothorum
1704 3375 1750 3421 Χ
1760 3375 1798 3423 Y
1801 3374 1842 3420 Z
2049 3373 2078 3424 2
2117 3374 2391 3423 obicientes
2423 3374 2741 3433 (obicientem
2769 3374 2829 3436 L)
2858 3374 3087 3436 exemplo
3118 3374 3420 3436 (exemplum
3447 3358 3788 3435 LASOBXY)

529 3465 678 3513 ueriti
706 3465 837 3523 regis
875 3476 969 3511 om.
1002 3461 1059 3509 H
1261 3456 1402 3527 quia]
1438 3455 1570 3522 quod
1598 3460 1731 3508 XYZ
1939 3457 2055 3526 ille]
2091 3462 2167 3509 illi
2195 3460 2356 3520 HPV,
2396 3474 2494 3509 om.
2526 3461 2571 3508 A
2780 3475 2868 3524 pos
2902 3461 2944 3508 O
3154 3460 3184 3510 3
3221 3475 3320 3509 non
3358 3458 3470 3529 diu]
3507 3462 3657 3510 nodiu
3695 3460 3786 3522 W,

527 3552 611 3599 diu
654 3564 751 3598 non
788 3549 849 3611 B,
891 3549 980 3597 diu
1013 3546 1056 3594 O
1267 3549 1618 3610 superuixerat
1642 3547 1689 3594 Β
1899 3548 2172 3595 excesserit
2196 3548 2237 3593 A
2451 3545 2484 3594 4
2523 3561 2604 3596 88.
2633 3549 2912 3610 8881918811
2939 3547 2995 3609 P,
3039 3561 3150 3597 888.
3177 3549 3332 3596 anim.
3361 3547 3407 3594 Β
3616 3547 3646 3594 5
3684 3548 3794 3609 918-

526 3639 625 3685 8118
652 3635 742 3683 OB
949 3650 978 3683 8
1014 3650 1112 3684 om.
1143 3634 1284 3682 AOB
1491 3629 1724 3700 aduenit]
1759 3635 1994 3695 peruenit
2020 3634 2065 3679 X
2075 3632 2158 3680 YZ
2365 3634 2556 3681 accedit
2581 3634 2673 3682 AB
2881 3647 2995 3694 agro
3031 3630 3299 3701 uenetum]
3335 3639 3657 3682 scrouentum
3704 3632 3793 3679 OB

527 3724 558 3773 6
594 3718 863 3789 ambuleio]
898 3721 1246 3781 HPVAXYZ,
1289 3720 1484 3768 80111810
1521 3719 1582 3782 L,
1624 3720 1860 3768 amboleio
1903 3718 1992 3766 OB
2202 3721 2425 3768 mentius
2466 3718 2509 3766 O
2765 3719 2792 3767 7
2832 3721 3058 3781 deposito
3103 3720 3193 3767 ‚tr
3396 3721 3675 3767 8881811818
3711 3721 3794 3767 su-

527 3804 657 3874 rore]
695 3807 852 3869 HPV,
895 3808 1204 3856 exercitatus
1240 3808 1407 3855 furore
1452 3808 1599 3868 (-rem
1637 3806 1699 3866 A)
1745 3804 1851 3865 LA,
1895 3807 2171 3853 excitatum
2214 3805 2429 3853 furorem
2475 3804 2579 3868 OB,
2622 3808 2877 3854 exercitus
2913 3807 3077 3854 furore
3119 3807 3164 3852 X
3174 3805 3212 3852 Y
3426 3801 3548 3871 quo]
3585 3819 3684 3867 qus
3729 3804 3788 3864 O,

528 3897 642 3957 quis
682 3895 726 3941 B
935 3889 1055 3960 iter]
1092 3879 1380 3953 HP‘WXY,
1422 3893 1524 3941 ite*
1554 3891 1651 3953 1²⁸,
1695 3893 1882 3940 iterum
1911 3892 1970 3952 Z,
2013 3892 2136 3939 item
2162 3891 2227 3950 A,
2266 3891 2319 3939 id
2343 3897 2421 3939 est
2453 3891 2558 3951 OB,
2600 3905 2695 3941 om.
2729 3891 2772 3939 L
2981 3891 3012 3940 8
3049 3892 3342 3940 discernens
3374 3890 3463 3938 OB
3671 3890 3702 3940 9
3738 3892 3794 3938 in

526 3976 688 4046 italia]
724 3977 1075 4039 HPVLOXY,
1117 3980 1171 4026 in
1210 3979 1401 4027 11811818
1441 3978 1503 4038 Β,
1544 3979 1719 4026 italiae
1757 3979 1802 4024 A
2030 3978 2309 4025 8818811881
2350 3977 2393 4025 O
2632 3976 2693 4026 10
2729 3978 2997 4040 placidiam
3041 3977 3083 4025 O
3308 3978 3478 4026 debita
3514 3971 3795 4042 mitterent]

529 4068 744 4116 debitam
781 4068 1045 4114 mitterent
1079 4066 1140 4127 A,
1185 4066 1354 4114 debita
1388 4066 1614 4113 mitteret
1648 4064 1709 4124 Β,
1754 4064 1904 4112 debet
1938 4066 2194 4112 emitteret
2235 4062 2277 4110 O
2504 4062 2560 4112 11
2602 4060 2747 4130 11888]
2783 4064 2876 4112 1108
2905 4061 2963 4112 ’Χ
3167 4064 3274 4112 dec.
3314 4063 3417 4112 sul.
3457 4063 3504 4110 Β
3711 4057 3796 4128 ad]

529 4168 584 4202 88
627 4152 716 4200 OB
994 4157 1125 4200 nutu
1162 4153 1225 4201 fr.
1265 4147 1482 4216 inclusa]
1532 4156 1667 4199 motu
1705 4152 1767 4199 fr.
1809 4151 2034 4198 inclausa
2078 4149 2120 4197 O
2408 4148 2464 4198 12
2503 4146 2656 4216 clam]
2693 4151 3005 4198 clandestino
3047 4146 3268 4210 0²BXY,
3324 4149 3618 4196 clsrdestino
3663 4147 3726 4194 Οι

529 4253 830 4288 8881188880
860 4238 903 4286 O
1113 4233 1383 4304 inuitasse]
1419 4237 1631 4296 HPVL,
1673 4237 1945 4284 inuitasset
1968 4235 2209 4284 AOBXY
2420 4235 2481 4285 13
2518 4236 2695 4284 libinis
2724 4236 2767 4283 L
2977 4237 3179 4298 puplico
3220 4234 3262 4282 O
3470 4238 3798 4296 conputaret

536 4310 841 4387 (conpararet
867 4324 919 4371 H
929 4310 971 4384 ⁶)
1005 4323 1060 4370 H
1068 4322 1095 4349 ‘³
1377 4320 1438 4371 14
1476 4319 1672 4388 itaque]
1718 4334 1934 4384 namque
1972 4323 2013 4368 A
2295 4317 2434 4388 81188]
2473 4324 2693 4385 proprias
2732 4323 2780 4370 X
2802 4323 3000 4380 Duae„
3057 4323 3256 4384 propria
3302 4321 3341 4368 Y
3613 4320 3716 4368 odii
3753 4318 3797 4367 L

534 4412 596 4459 15
633 4407 756 4478 din]
791 4411 999 4458 mittens
1037 4410 1130 4458 dir.
1175 4411 1217 4456 A
1448 4407 1511 4458 16
1547 4405 1700 4474 quod]
1736 4422 1834 4470 qus
1872 4407 1979 4467 ΧΖ,
2022 4408 2140 4469 quia
2187 4407 2238 4470 Y,
2285 4409 2389 4456 nisi
2426 4409 2469 4454 A
2679 4404 2802 4474 sibi]
2837 4410 2912 4456 ibi
2953 4407 3013 4470 L,
3055 4410 3158 4470 ipsi
3201 4407 3244 4455 O
3451 4407 3691 4467 promisso
3732 4404 3790 4466 O,

529 4497 771 4558 9101111888
806 4496 850 4542 Β
1059 4497 1270 4557 quodam
1307 4495 1350 4543 L
1559 4490 1790 4560 minime]
1826 4508 2014 4542 munus
2050 4494 2095 4541 A
2305 4495 2590 4543 solueretur
2626 4495 2671 4542 A
2917 4491 2977 4541 17
3014 4489 3360 4560 inhumanior]
3401 4491 3586 4541 OBXY
3606 4492 3793 4552 Duae„

531 4583 882 4632 inhumaniors
920 4581 1155 4629 HPVLA
1363 4593 1600 4644 apparere
1635 4567 1709 4628 Vb
1750 4583 2014 4643 (89981888
2051 4578 2141 4639 yn)
2188 4581 2234 4627 A
2441 4580 2537 4628 hae
2578 4579 2620 4627 O
2830 4574 3024 4644 tamen]
3061 4584 3184 4627 tune
3219 4579 3262 4625 A
3479 4577 3541 4627 18
3577 4580 3799 4626 minatur

531 4669 574 4718 L
818 4682 910 4716 888
944 4681 1041 4716 om.
1074 4667 1172 4715 AY
1407 4668 1628 4716 testsbst
1664 4668 1710 4714 A
1952 4667 2314 4727 indignationis
2351 4665 2542 4713 AXYZ
2790 4665 2851 4715 19
2888 4666 3069 4713 faciem
3106 4679 3202 4715 om.
3235 4666 3280 4713 A
3524 4659 3796 4730 conuertit]

532 4754 783 4816 HPVLA,
828 4755 1031 4803 retorsit
1071 4753 1257 4802 OBXY
1514 4753 1580 4802 20
1616 4753 1881 4802 dissimilis
1924 4752 1967 4799 O
2211 4753 2548 4801 anterioribus
2586 4751 2697 4811 AB,
2739 4753 3006 4801 anterioris
3051 4751 3092 4796 Z
3343 4748 3402 4799 21
3445 4750 3798 4798 consedentem

536 4840 627 4888 LO
837 4840 996 4900 redigi
1037 4840 1175 4888 XYZ
1382 4853 1471 4902 per
1506 4841 1603 4901 ips.
1644 4846 1772 4888 mut.
1814 4841 1860 4887 A

711 5112 754 5176 1)
801 5114 1010 5175 Prosper
1045 5113 1111 5161 ad
1146 5129 1195 5162 a.
1233 5115 1368 5164 462:
1419 5116 1643 5176 suscepit
1683 5151 1694 5163 .
1727 5151 1738 5162 .
1775 5149 1786 5162 .
1828 5114 2085 5172 negotium
2126 5149 2137 5160 .
2173 5151 2182 5162 .
2219 5151 2230 5162 .
2276 5126 2406 5174 9898
2443 5113 2545 5162 Leo
2585 5150 2596 5162 .
2630 5149 2642 5161 .
2675 5149 2686 5160 .
2732 5112 2801 5159 ita
2849 5113 3029 5160 summi
3080 5110 3345 5160 sacerdotis
3393 5110 3675 5171 praesentia
3710 5121 3799 5156 rex

537 5203 738 5262 gavisus
775 5207 870 5258 est,
914 5207 973 5249 ut
1007 5206 1060 5248 et
1094 5201 1226 5249 bello
1261 5201 1503 5249 abstineri
1539 5203 1851 5263 praeciperet
1886 5206 1937 5247 et
1973 5201 2106 5247 ultrs
2142 5201 2433 5247 Danuvium
2472 5200 2716 5260 9101111888
2752 5211 2871 5259 pace
2909 5197 3208 5246 discederet.

710 5286 758 5348 2)
801 5285 869 5347 cs.
904 5286 1105 5334 Priscus
1127 5288 1196 5348 fr.
1225 5289 1291 5334 16
1312 5300 1365 5346 p.
1397 5289 1463 5335 99
1490 5286 1662 5335 Muen.
1683 5303 1698 5333 :
1737 5281 1764 5335 ὁ
1804 5278 2056 5351 Ἀττήλας
2084 5323 2097 5336 .
2130 5323 2141 5334 .
2178 5323 2189 5335 .
2218 5289 2321 5335 τῶν
2347 5280 2484 5353 ἀμφ’
2522 5282 2672 5334 αὑτὸν
2710 5280 2896 5351 ἄνδρας
2937 5278 2990 5339 ἐς
3024 5281 3119 5348 τὴν
3155 5273 3371 5332 Ἰταλίαν
3409 5277 3635 5345 ἔπεμπεν
3672 5276 3801 5328 ὥστε

536 5372 631 5441 τὴν
666 5365 913 5440 Ὀνωρίαν
952 5368 1235 5422 ἐπιδιδόναι·
1285 5369 1415 5422 εἶναι
1450 5369 1545 5440 γὰρ
1582 5369 1724 5439 αὐτῷ
1759 5368 2092 5438 ἡρμοσμένην
2129 5369 2254 5438 πρὸς
2292 5368 2488 5439 γάμον,
2525 5367 2806 5438 τεκμήριον
2844 5366 3149 5434 ποιούμενος
3184 5365 3269 5417 τὸν
3307 5357 3431 5434 παρ’
3471 5363 3632 5434 αὐτῆς
3668 5380 3803 5433 πεμ-

539 5456 730 5527 φθέντα
766 5454 1057 5520 δακτύλιον,
1100 5455 1157 5508 ὃν
1193 5456 1280 5508 καὶ
1314 5454 1802 5528 ἐπιδειχθησόμενον
1841 5453 2104 5508 ἐστάλκει·
2150 5459 2478 5526 παραχωρεῖν
2516 5453 2571 5505 δὲ
2608 5451 2747 5524 αὐτῷ
2781 5454 2867 5506 τὸν
2903 5449 3292 5505 Βαλεντινιανὸν
3329 5449 3416 5502 καὶ
3450 5453 3541 5502 τοῦ
3577 5448 3805 5518 ἡμίσεως

539 5549 634 5614 τῆς
672 5542 929 5613 βασιλείας
967 5542 1172 5613 μέρους.

710 5631 759 5693 3)
808 5631 1008 5680 Priscus
1044 5629 1113 5690 fr.
1157 5633 1223 5678 19
1255 5646 1307 5692 p.
1346 5633 1411 5679 99
1439 5628 1613 5681 Muell.
1636 5646 1652 5676 .·
1710 5627 1737 5679 ὁ
1773 5622 2023 5696 Ἀττήλας
2061 5626 2188 5696 μετὰ
2223 5627 2281 5680 τὸ
2317 5627 2411 5696 τὴν
2447 5624 2663 5680 Ἰταλίαν
2699 5621 3168 5694 ἀνδραποδίσασθαι
3205 5622 3288 5676 ἐπὶ
3322 5621 3387 5674 τὰ
3424 5620 3642 5691 σφέτερα
3679 5621 3805 5673 ἀνα-

540 5714 714 5777 ζεῦξας
748 5719 858 5774 τοῖς
894 5718 1135 5786 κρατοῦσι
1169 5720 1273 5766 τῶν
1311 5706 1452 5785 ἑῴων
1483 5709 1763 5783 Ῥωμαίων
1801 5712 2023 5782 πόλεμον
2060 5713 2147 5766 καὶ
2183 5710 2589 5782 ἀνδραποδισμὸν
2624 5717 2717 5780 τῆς
2754 5705 3308 5783 χώραςόιατήγγελλεν
3331 5749 3344 5773 ,
3385 5709 3456 5766 ὡς
3495 5707 3568 5776 μὴ
3610 5708 3807 5775 ἐκπεμ-

542 5800 758 5872 φθέντας
793 5805 884 5853 τοῦ
922 5801 1062 5870 παρὰ
1100 5798 1373 5854 Θεοδοσίου
1410 5799 1717 5870 τεταγμένου
1756 5799 1934 5870 φόρου.

3284 5897 3394 5950 15*
