4882 6775
500 1108 526 1147 5
564 1085 954 1170 percipiant,
1017 1086 1302 1151 vulneris
1347 1092 1657 1170 cogantur
1701 1087 1917 1152 subire
1961 1087 2389 1152 tolerantiam.
2486 1087 2635 1152 hinc
2676 1086 2976 1154 inberbes
3021 1096 3368 1155 senescunt
3408 1096 3476 1155 et
3518 1089 3657 1155 sine
3701 1109 3818 1155 ve·
3866 1091 3985 1153 128

464 1621 521 1660 io

464 2134 524 2174 15

463 2646 525 2688 20

2035 487 2336 544 GETICA.
3730 494 3808 555 91

558 682 806 755 rentes,
874 674 1278 741 terribilitate
1336 675 1685 759 fugabant,
1752 695 1828 741 eo
1873 676 2043 759 quod
2087 684 2227 743 erat
2270 677 2366 742 eis
2425 676 2676 760 species
2735 676 3032 761 pavenda
3090 678 3431 761 nigridinis
3490 687 3556 744 et
3614 680 3812 745 velud
3861 680 4083 744 XXIV

560 778 912 861 quaedam,
977 779 1034 844 si
1079 778 1207 843 dici
1251 778 1353 844 fas
1396 786 1529 859 est,
1599 778 1891 844 informis
1935 780 2093 859 offa,
2163 799 2290 845 non
2336 778 2570 858 facies,
2641 779 3016 862 habensque
3046 781 3282 863 >magis
3337 789 3579 865 puncta
3622 802 3815 865 quam

561 880 829 946 lumina.
908 900 1175 963 quorum
1220 881 1418 946 animi
1462 880 1701 947 fiducia
1746 889 1969 947 turvns
2014 882 2243 967 prodet
2284 889 2603 966 aspectus,
2656 882 2769 965 qui
2812 882 3007 948 etiam
3049 883 3117 948 in
3159 882 3432 968 pignora
3462 903 3580 949 sua
3611 885 3817 968 primo

565 983 669 1049 die
699 990 855 1048 nata
886 982 1287 1049 desaeviunt.
1366 1003 1515 1049 nam
1562 984 1845 1049 maribus
1891 984 2058 1050 ferro
2103 1004 2306 1068 genas
2353 991 2591 1064 secant,
2645 992 2716 1050 ut
2759 991 2909 1050 ante
2956 1006 3150 1068 quam
3196 985 3383 1051 lactis
3427 986 3818 1052 nutrimenta
3918 972 3925 978 ¹

561 1194 820 1254 nustate
878 1188 1091 1254 efoebi
1151 1196 1329 1268 sunt,
1400 1189 1552 1272 quia
1608 1189 1809 1255 facies
1863 1189 2032 1255 ferro
2077 1190 2327 1255 sulcata
2369 1190 2817 1275 tempestivam
2861 1191 3138 1275 pilorum
3181 1191 3456 1275 gratiam
3502 1162 3829 1257 cicatrici}

561 1291 862 1357 absumit.
944 1291 1162 1373 exigui
1194 1291 1454 1373 quidem
1491 1291 1714 1372 forma,
1771 1292 1888 1357 sed
1915 1292 2163 1375 argutis
2192 1293 2471 1358 motibus
2503 1293 2790 1378 expediti
2819 1300 2885 1359 et
2912 1293 2998 1358 ad
3027 1293 3442 1377 equitandum
3472 1294 3819 1379 promptis-

562 1394 740 1474 simi,
804 1394 1088 1478 scapulis
1135 1394 1318 1477 latis,
1389 1402 1453 1460 et
1495 1393 1582 1459 ad
1625 1414 1808 1459 arcos
1855 1394 2252 1479 sagittasque
2298 1395 2507 1479 parati
2552 1394 2750 1460 firmis
2795 1395 3150 1461 cervicibus
3196 1403 3261 1462 et
3304 1397 3605 1482 superbia
3649 1415 3817 1462 sem-

559 1516 674 1581 per
718 1495 935 1561 erecti.
1031 1496 1099 1561 hi
1145 1516 1294 1562 vero
1340 1499 1460 1563 sub
1505 1497 1831 1562 hominum
1876 1496 2087 1581 figura
2130 1498 2356 1563 vivunt
2400 1498 2665 1564 beluina
2710 1498 3074 1581 saevitia1).

733 1599 919 1676 Quod
962 1619 1169 1682 genus
1214 1599 1768 1684 expeditissimum
1813 1601 2286 1682 multarumque
2330 1601 2661 1666 nationum
2691 1608 3122 1684 grassatorem
3154 1601 3360 1667 Getae
3391 1609 3461 1668 ut
3489 1602 3804 1681 viderunt,

559 1702 928 1786 paviscunt,
999 1720 1240 1786 suoque
1288 1721 1431 1767 cum
1477 1723 1629 1787 rege
1677 1703 2070 1783 deliberant,
2141 1703 2417 1786 qualiter
2473 1704 2591 1768 tali
2638 1722 2709 1769 se
2753 1704 2936 1770 hoste
2984 1704 3366 1770 subducant.
3458 1724 3607 1769 nam
3653 1706 3819 1770 Her-

559 1804 957 1885 manaricus,
1028 1826 1142 1871 rex
1189 1804 1570 1886 Gothorum,
1642 1806 1822 1886 licet,
1890 1812 1961 1871 ut
2003 1806 2301 1891 superius
2347 1806 2713 1887 retulimus,
2784 1807 3129 1872 multarum
3189 1806 3481 1890 gentium
3521 1807 3820 1873 extiterat

559 1907 1008 1992 triumphator,
1079 1908 1160 1972 de
1219 1907 1593 1974 Hunnorum
1649 1917 1869 1975 tamen
1926 1907 2206 1974 adventu
2264 1909 2416 1974 dum
2474 1910 2743 1993 cogitat,
2812 1911 3310 1974 Rosomonorum
3370 1929 3533 1994 gens
3588 1908 3807 1990 infida,

562 2030 728 2092 quae
773 2017 924 2074 tunc
967 2010 1134 2076 inter
1177 2010 1344 2076 alias
1387 2011 1487 2076 illi
1531 2011 1912 2076 famulatum
1959 2011 2323 2091 exhibebat,
2378 2012 2496 2077 tali
2527 2032 2673 2077 eum
2704 2011 3095 2077 nanciscitur
3123 2011 3456 2078 occasione
3490 2013 3809 2097 decipere.

561 2113 712 2177 dum
773 2113 944 2177 enim
1001 2113 1324 2196 quandam
1386 2115 1720 2179 mulierem
1768 2113 2040 2179 Sunilda
2097 2113 2354 2179 nomine
2415 2134 2499 2180 ex
2557 2121 2751 2198 gente
2812 2121 3165 2180 memorata
3220 2134 3335 2199 pro
3379 2115 3595 2180 mariti
3638 2115 3819 2180 frau-

562 2216 825 2281 dulento
880 2215 1172 2281 discessu
1233 2236 1347 2281 rex
1403 2216 1614 2282 furore
1672 2224 2022 2282 commotus
2080 2216 2263 2299 equis
2324 2216 2646 2282 ferocibus
2688 2216 3028 2299 inligatam
3072 2217 3480 2301 incitatisque
3525 2217 3816 2282 cursibus

559 2339 674 2402 per
718 2317 978 2383 diversa
1021 2317 1248 2382 divelli
1291 2318 1747 2403 praecipisset‚
1803 2318 2034 2384 fratres
2080 2318 2219 2384 eius
2264 2318 2464 2384 Sarus
2508 2327 2574 2384 et
2619 2319 2943 2399 Ammius,
2998 2340 3346 2403 germanae
3389 2319 3632 2386 obitum
3675 2319 3820 2384 vin-

562 2422 872 2502 dicanteS,
926 2421 1372 2487 Hermanarici
1417 2421 1589 2487 latus
1636 2421 1803 2487 ferro
1847 2421 2198 2506 petierunt;
2253 2441 2378 2503 quo
2425 2423 2691 2487 vulnere
2737 2422 2997 2488 saucius
3043 2443 3263 2506 egram
3309 2422 3505 2487 vitam
3539 2422 3818 2506 corporis

560 2522 982 2588 inbecillitate
1042 2524 1377 2589 contraxit.
1470 2544 1662 2608 quam
1721 2524 2063 2589 adversam
2124 2524 2263 2590 eius
2306 2525 2730 2591 valitudinem
2776 2532 3044 2609 captans
3089 2526 3434 2591 Balamber
3476 2545 3589 2590 rex
3632 2526 3818 2589 Hun-

562 2647 787 2691 norum
838 2627 904 2690 in
951 2625 1477 2709 ostrogotharum
1523 2635 1705 2712 parte
1749 2627 1948 2692 movit
1991 2628 2414 2712 procinctum,
2484 2649 2525 2693 a
2570 2648 2836 2710 quorum
2883 2628 3188 2694 societate
3229 2627 3362 2692 iam
3407 2628 3819 2711 Vesegothae

565 2727 844 2811 quadam
906 2728 1070 2793 inter
1129 2748 1199 2793 se
1255 2728 1607 2795 intentione
1668 2730 1940 2795 seiuncti
1995 2730 2420 2796 habebantur.
2513 2730 2680 2796 inter
2735 2730 2898 2795 haec
2941 2730 3437 2796 Hermanaricus
3496 2737 3628 2794 tam
3673 2729 3820 2794 vul-

738 2986 854 3034 HP
883 2986 990 3034 VL
1014 2989 1059 3034 A
1087 2985 1124 3033 S
1155 2987 1255 3048 (fin.
1293 2986 1347 3035 11
1380 2989 1688 3049 subducant3
1732 2991 1828 3038 inc.
1858 2988 1916 3037 21
1949 2991 2098 3050 inter)
2135 2988 2177 3037 Ο
2205 2988 2250 3036 Β
2275 2990 2325 3036 Χ
2353 2989 2418 3049 (Y
2439 2990 2522 3050 Z).
2597 2988 2883 3049 Landolt'us
2916 2988 2987 3041 ad
3022 2989 3172 3038 Pauli
3206 2990 3251 3038 h.
3293 2988 3355 3038 R.
3398 2993 3483 3048 11,
3524 2992 3591 3039 10
3622 3003 3677 3049 p.
3718 2989 3819 3037 344

561 3075 781 3135 Droysen
826 3073 925 3135 (fin.
959 3071 1020 3120 10
1047 3073 1321 3133 viderunt).

737 3208 755 3258 1
800 3209 1130 3259 terrebilitate
1169 3209 1214 3256 P
1418 3211 1647 3272 pauendo
1683 3210 1867 3272 Lami„
1919 3210 2181 3272 paneadae
2220 3211 2270 3258 Χ
2280 3211 2318 3257 Υ
2520 3211 2789 3272 nigridinis
2824 3207 2900 3278 et]
2936 3211 3097 3273 HPV,
3139 3211 3418 3273 nigredinis
3454 3218 3505 3259 et
3542 3212 3698 3271 AXY,
3740 3214 3823 3259 ni-

561 3297 811 3359 gritudine
836 3296 924 3344 sed
951 3294 1052 3356 80,
1094 3296 1355 3355 nigredine
1382 3296 1467 3343 sed
1492 3296 1555 3358 B,
1598 3298 1730 3358 nigr.
1761 3301 1813 3345 et
1836 3311 1890 3346 ιι.
1919 3311 1966 3358 q.
1998 3310 2095 3345 om.
2125 3296 2169 3344 L
2379 3295 2409 3344 2
2447 3296 2684 3346 deformis
2724 3296 2817 3345 OB
2840 3297 3007 3346 Laud.
3218 3293 3397 3364 iacies]
3433 3297 3592 3344 facien
3627 3298 3678 3357 (2²)
3711 3296 3754 3343 L

561 3378 743 3450 magis]
777 3383 1017 3442 mamagis
1056 3381 1113 3436 P,
1157 3383 1241 3432 mi
1277 3383 1435 3443 magis
1473 3381 1530 3430 H
1832 3387 1991 3445 pnsta
2033 3381 2097 3430 0¹
2140 3386 2345 3446 (puncta
2385 3380 2467 3445 02)
2790 3382 2818 3432 3
2856 3378 3061 3449 fiducia]
3096 3382 3325 3431 HPLSO
3360 3381 3550 3442 Laud„
3590 3382 3822 3432 fiduciam

570 3470 795 3517 VABXY
1034 3464 1242 3535 turnus]
1275 3468 1436 3530 HPV,
1479 3471 1639 3517 toruis
1679 3471 1734 3531 Z,
1777 3474 1955 3517 toruus
1990 3471 2079 3517 rel.
2326 3465 2524 3535 prodet]
2561 3468 2719 3531 HPV,
2761 3470 2929 3531 prodit
2962 3470 3143 3531 reliqui
3411 3468 3444 3516 4
3480 3474 3596 3516 nata
3631 3469 3715 3518 die
3752 3471 3814 3532 A,

561 3556 641 3604 die
677 3559 822 3603 natco
859 3553 897 3601 S
1104 3551 1426 3621 desaeuiunt]
1462 3555 1667 3616 ΑΒΧΥ,
1709 3556 1927 3604 deuiunt
1962 3554 2167 3616 HPVL,
2210 3555 2427 3604 dereunt
2464 3555 2548 3603 SO
2756 3556 2873 3604 latis
2914 3555 2957 3603 Ο
3183 3555 3213 3604 5
3250 3556 3530 3617 suscipiant
3565 3556 3751 3603 AXYZ

561 3642 762 3689 uulneri
786 3641 873 3689 So
896 3638 1060 3688 Lana.
1278 3637 1471 3706 subire]
1506 3644 1575 3689 sic
1598 3643 1747 3689 etiam
1772 3642 1960 3702 Duae„
2002 3643 2259 3702 suscipere
2283 3641 2423 3689 XYZ
2628 3643 2752 3690 hinc
2792 3678 2804 3690 .
2836 3677 2849 3690 .
2880 3678 2892 3690 .
2935 3641 2966 3690 6
3004 3647 3127 3689 sunt
3161 3654 3257 3690 om.
3281 3639 3356 3688 A‘
3563 3637 3821 3707 inberbes]

558 3729 609 3775 in
637 3727 807 3774 uerbis
842 3725 926 3773 VL
1100 3726 1335 3774 senisunt
1362 3727 1420 3786 O,
1465 3740 1519 3774 se
1545 3729 1781 3775 nesciunt
1805 3727 1851 3774 Β
2026 3723 2161 3794 sine]
2199 3728 2357 3777 sineis
2383 3726 2428 3773 P
2598 3733 2853 3776 uetustate
2880 3727 2985 3788 ΕΒ,
3029 3733 3287 3776 uestutate
3317 3726 3360 3775 Ο
3567 3726 3598 3775 6
3635 3725 3821 3795 efoebi]

560 3811 765 3874 HPVL,
795 3811 1009 3874 ephoebi
1035 3811 1141 3870 ΕΒ,
1170 3811 1383 3873 epheepi
1416 3812 1474 3873 O,
1505 3813 1680 3860 effoebi
1707 3813 1770 3871 X,
1801 3813 1979 3874 ephebi
2007 3812 2105 3860 AY
2296 3808 2565 3879 cicatricis]
2587 3812 2839 3875 HPVXZ,
2870 3813 3124 3862 cicatrices
3152 3812 3283 3861 Lso
3306 3811 3493 3873 Lana„
3523 3814 3732 3862 cicatrix
3762 3814 3818 3874 Y,

437 3921 482 3964 5.
559 3912 649 3959 per
685 3898 939 3952 cicatrices
975 3896 1035 3958 Β,
1075 3898 1400 3960 cicatricibus
1429 3899 1477 3945 A
1720 3898 1747 3945 7
1786 3899 2008 3946 adsumit
2042 3898 2190 3957 LSO,
2231 3900 2446 3947 assumit
2481 3899 2527 3946 Β
2566 3898 2726 3948 Land.
2941 3901 3106 3959 arguti
3141 3898 3277 3948 SOB
3301 3896 3464 3949 Lami.
3675 3901 3822 3963 expi—

431 3979 448 4002 k

559 3963 653 4032 diti
689 3982 789 4029 ΗΡ
1043 3989 1094 4031 et
1130 3997 1224 4032 om.
1258 3982 1342 4031 LS
1620 3983 1650 4033 8
1687 3979 1847 4050 arcos]
1882 3983 2080 4046 HPVS,
2122 3999 2267 4033 arcus
2305 3984 2556 4046 LABXY,
2596 3999 2733 4033 orcos
2775 3984 2818 4033 Ο
3059 3987 3296 4047 superuis
3334 3985 3488 4045 PVO,
3531 3999 3751 4049 superna
3786 3987 3824 4035 S

561 4066 593 4116 9
630 4066 808 4135 erecti]
845 4067 1030 4117 SOBX
1037 4071 1073 4117 Y
1096 4068 1284 4129 Laud„
1328 4070 1508 4118 erectis
1534 4069 1770 4118 HPVLA
1978 4070 2052 4118 hii
2075 4071 2162 4120 SO
2371 4067 2517 4137 uero]
2542 4070 2861 4120 PVLSOBX
2871 4071 2909 4118 Y
2927 4070 3114 4131 Laud„
3154 4084 3269 4132 ergo
3294 4071 3391 4119 HA
3599 4069 3824 4139 beluina]

563 4156 787 4204 beluiiua
816 4155 859 4204 Ο
1072 4156 1135 4205 10
1171 4151 1521 4221 grassatorem]
1547 4154 1693 4217 SXY,
1724 4161 2044 4205 crassatorem
2070 4155 2374 4216 HPVLOB,
2404 4157 2599 4205 excidia
2623 4158 2669 4204 A
2881 4156 2938 4205 11
2981 4162 3263 4219 pauescunt
3287 4157 3443 4219 ΧΥΖ,
3485 4160 3825 4221 expauiscunt

566 4242 626 4300 O,
668 4248 1018 4304 expauescunt
1047 4240 1133 4289 ΕΒ
1340 4238 1577 4307 qualiter]
1615 4241 1686 4290 bis
1720 4240 1797 4288 V·
2004 4242 2094 4289 tali
2132 4255 2185 4289 se
2221 4239 2389 4309 hoste]
2423 4242 2723 4305 HPVLXY,
2767 4243 2857 4291 tali
2894 4255 2948 4291 se
2983 4242 3117 4292 hosti
3140 4244 3201 4302 A,
3244 4257 3272 4290 a
3306 4243 3393 4292 tali
3429 4245 3574 4292 hoste
3601 4245 3659 4303 Ο,
3703 4258 3758 4292 se
3795 4259 3823 4292 a

563 4327 650 4375 tali
685 4326 828 4375 hoste
866 4325 946 4377 SB
1155 4329 1486 4375 ermanaricus
1532 4327 1669 4375 VOB
1894 4326 1954 4376 12
1993 4333 2054 4375 ut
2088 4341 2188 4376 om.
2233 4328 2276 4377 Ο
2486 4331 2720 4391 superius
2756 4325 3050 4396 retulimus]
3084 4330 3185 4377 iam
3219 4329 3444 4378 diximus
3481 4330 3526 4377 A
3735 4343 3825 4378 ex-

560 4414 725 4462 titerit
762 4411 951 4461 LAOB
1196 4412 1259 4461 13
1294 4426 1544 4462 unnornm
1586 4413 1629 4462 Ο
1861 4414 1981 4461 dum
2018 4418 2133 4462 ante
2169 4414 2232 4462 de
2269 4416 2314 4462 A
2545 4411 2939 4482 rosomonorum]
2974 4414 3319 4478 HPAOBXY,
3362 4428 3729 4464 rosemanorum
3762 4416 3818 4477 V,

562 4512 862 4548 rosomorum
899 4499 960 4560 L,
1000 4500 1360 4547 rosimanorum
1400 4500 1442 4546 Z
1655 4498 1718 4549 14
1753 4499 1830 4547 illi
1865 4500 2002 4547 inter
2035 4500 2155 4548 alias
2193 4502 2238 4547 A
2449 4502 2750 4549 nancisciter
2786 4501 2829 4550 Ο
3038 4501 3277 4564 decepere
3306 4489 3375 4550 0⁶
3584 4501 3646 4551 15
3682 4498 3824 4568 dum]

564 4585 686 4632 dicit
723 4583 799 4632 A‘
1008 4585 1221 4646 quedam
1257 4584 1438 4633 mulier
1478 4585 1521 4634 Ο
1730 4581 1954 4651 sunilda]
1988 4584 2244 4646 HPVLA,
2288 4586 2487 4634 sunielb
2530 4586 2633 4646 ΟΒ,
2676 4587 2868 4636 annihil
2906 4586 3046 4634 XYZ
3251 4583 3473 4654 nomine]
3509 4589 3694 4638 tiomen
3732 4587 3817 4651 Αἱ,

564 4684 742 4719 nomen
765 4668 852 4719 *A2
1058 4667 1401 4738 fraudulento]
1436 4671 1692 4720 fraudenti
1732 4672 1774 4719 Ο
2020 4670 2084 4720 16
2120 4685 2221 4734 que
2259 4685 2355 4721 om.
2387 4672 2436 4718 X
2441 4672 2527 4719 YZ
2761 4671 2821 4721 17
2859 4673 3061 4721 diuersa
3093 4688 3191 4724 om.
3225 4674 3268 4721 O
3474 4671 3824 4741 praecipisset]

564 4755 723 4817 HPV,
763 4758 1038 4818 precipisse
1079 4757 1140 4816 Ο,
1179 4758 1516 4819 praecepisset
1550 4757 1792 4805 LABXY
1992 4771 2182 4806 ammus
2220 4759 2327 4820 ΧΖ,
2369 4739 2571 4807 απιίιιιιε
2615 4759 2669 4820 Y,
2707 4759 2945 4808 iammius
2982 4758 3057 4807 A⁶
3291 4757 3354 4808 18
3390 4773 3511 4808 erm.
3558 4760 3667 4821 OB,
3707 4760 3824 4809 her—

563 4842 810 4890 manarico
848 4840 922 4889 κί’
1150 4844 1402 4891 sauciatus
1438 4844 1484 4890 A
1719 4842 1782 4891 19
1819 4843 2139 4892 inbicillitate
2179 4842 2239 4903 P,
2280 4844 2610 4893 inbellicitate
2648 4845 2692 4893 Ο
2917 4845 3161 4894 aduersus
3202 4846 3245 4893 O
3469 4845 3721 4893 balamber
3758 4845 3819 4908 L,

564 4929 773 4978 balamir
811 4927 869 4987 Ο,
912 4928 1137 4977 balamur
1173 4928 1218 4976 Β
1425 4925 1540 4995 rex]
1576 4942 1663 4976 rex
1701 4943 1768 4976 *a
1807 4928 1852 4976 L
2071 4929 2137 4978 20
2174 4930 2229 4978 in
2266 4930 2656 4990 ostrogotharum
2700 4931 2884 4991 (hostr-
2910 4917 3044 4992 LA⁶‚
3081 4930 3512 4991 hostrogothorum
3548 4930 3640 4993 21⁸)
3680 4937 3822 4994 parte

572 5016 778 5075 (partem
803 5009 1038 5079 ΑΧΥΖ)]
1074 5014 1172 5062 ΗΡ
1183 5014 1466 5074 VLAXYZ,
1510 5017 1562 5063 in
1601 5015 1948 5075 ffffigotharum
1990 5014 2051 5074 Ο,
2092 5015 2146 5062 in
2183 5017 2492 5076 ostrogothas
2528 5016 2576 5064 Β
2784 5015 2842 5066 21
2888 5017 3099 5079 quadam
3142 5018 3361 5080 (quidam
3385 5017 3442 5076 P)
3485 5017 3619 5065 inter
3654 5031 3708 5066 se
3742 5020 3826 5066 in-

563 5101 789 5148 tentione
831 5100 946 5160 (int.
987 5113 1086 5149 om.
1120 5100 1179 5162 Ο,
1221 5101 1544 5149 contencione
1574 5101 1638 5160 A)
1682 5102 1897 5149 seiuncti
1939 5101 2148 5163 (seiunti
2178 5100 2264 5164 0⁶¹)
2309 5102 2620 5151 habebantur
2663 5102 2928 5164 (habebant
2956 5099 3047 5170 0)]
3082 5103 3413 5152 discesserant
3449 5117 3599 5165 quam
3635 5103 3827 5152 dudum

564 5186 700 5234 inter
734 5200 788 5234 se
825 5187 1041 5234 seiuncti
1077 5186 1327 5235 habebant
1361 5187 1406 5234 Β
1612 5187 1983 5235 hermanaricus
2020 5187 2078 5248 P,
2122 5189 2459 5236 ermanaricus
2499 5188 2604 5250 OB,
2648 5191 2987 5237 armanaricus
3025 5188 3064 5237 S

740 5426 785 5487 1)
828 5427 1123 5475 Ammianus
1160 5428 1253 5487 31,
1297 5429 1354 5487 2,
1402 5432 1455 5475 1.·
1519 5427 1786 5477 Hunorum
1835 5441 1959 5488 gens
1999 5465 2011 5477 .
2046 5466 2058 5478 .
2091 5463 2102 5476 .
2143 5442 2341 5476 omnem
2388 5428 2593 5477 modum
2643 5405 2859 5477 feritatis
2907 5429 3126 5477 excedit.
3219 5430 3285 5476 2:
3339 5430 3426 5477 ubi
3474 5429 3714 5489 quoniam
3762 5429 3828 5475 ab

562 5514 691 5574 ipsis
737 5512 972 5561 nascendi
1021 5513 1261 5574 primitiis
1306 5513 1560 5561 infantum
1609 5514 1742 5563 ferro
1791 5516 2053 5562 sulcantur
2088 5514 2242 5561 altius
2281 5528 2439 5575 genae
2458 5551 2470 5574 ,
2523 5522 2582 5563 ut
2617 5516 2830 5577 pilorum
2868 5516 3006 5575 vigor
3039 5516 3372 5577 tempestivus
3409 5526 3671 5572 emergens
3707 5526 3825 5562 con-

563 5599 754 5658 rugatis
779 5599 1093 5647 cicatricibus
1123 5599 1403 5659 hebetetur,
1447 5605 1720 5648 senescunt
1748 5601 2001 5649 imberbes
2037 5601 2226 5661 absque
2265 5601 2371 5649 ulla
2404 5605 2675 5649 venustate
2715 5638 2727 5650 .
2761 5637 2772 5650 .
2806 5636 2819 5649 .
2861 5602 3128 5662 compactis
3162 5613 3335 5648 omnes
3372 5599 3631 5661 firmisque
3667 5612 3825 5646 mem-

562 5684 662 5731 bris
686 5688 740 5731 et
762 5685 943 5746 opimis
968 5686 1264 5743 cervicibus,
1306 5685 1616 5746 prodigiosae
1641 5687 1843 5748 formae,
1885 5685 1973 5735 sed
2009 5686 2177 5747 pandi,
2222 5692 2280 5734 ut
2315 5687 2523 5747 bipedes
2559 5688 2823 5735 existimes
2858 5688 3045 5734 bestias
3086 5724 3098 5736 .
3131 5723 3143 5735 .
3175 5723 3188 5735 .
3263 5688 3327 5733 6.·
3364 5686 3510 5748 equis
3546 5698 3700 5746 prope
3735 5685 3827 5732 ad-

563 5770 653 5817 fixi
693 5807 703 5818 .
738 5808 750 5820 .
786 5804 798 5818 .
875 5772 940 5818 9.·
979 5771 1153 5832 procul
1189 5771 1468 5818 missilibus
1504 5771 1625 5819 telis
1666 5805 1679 5819 .
1711 5806 1725 5821 .
1757 5807 1771 5820 .
1812 5768 2154 5844 con[fligun‘t].

3299 5872 3406 5923 12*

3866 1605 3984 1666 129

3866 2528 3984 2589 130

4020 1163 4077 1211 <

4242 1142 4247 1149 .

4232 1154 4239 1163 f

4132 1172 4139 1179 ,
4292 1168 4295 1175 .

4173 1184 4207 1193 .-

4128 1184 4165 1213 A.
4244 1197 4248 1201 ·
4318 1198 4323 1205 -
