4882 6775
427 1618 485 1658 to

430 2132 486 2171 15

2002 488 2300 546 GETICA.
3702 497 3781 559 79

522 674 847 741 licentiam
893 676 1079 742 daret
1102 678 1168 761 ¹).
1258 677 1557 759 Severus,
1609 679 1974 744 ammodum
2011 679 2280 744 miratus
2310 679 2821 762 magnitudinem
2858 678 3102 744 formae
3146 717 3231 737 —-
3276 687 3414 746 erat
3459 680 3652 762 enim,
3707 690 3778 748 ut
3821 682 3942 746 XV
3988 686 4071 748 85

525 766 761 859 fertu'r,
830 784 1076 844 statura
1120 779 1262 844 eius
1306 799 1572 863 procera
1616 781 1785 845 ultra
1828 788 1968 846 octo
2013 781 2220 866 pedes
2241 784 2281 865 ²)
2336 818 2424 827 —-
2465 781 2656 847 iussit
2699 802 2845 846 eum
2892 782 3043 846 lixis
3090 782 3370 867 corporis
3414 804 3584 849 nexu
3630 805 3784 850 con-

525 880 824 962 tendere,
893 901 974 946 ne
1020 882 1176 964 quid
1220 902 1260 946 a
1304 883 1446 949 rudi
1493 883 1749 948 homine
1793 883 2180 949 militaribus
2224 884 2381 949 viris
2426 885 2715 950 eveniret
2755 884 3029 950 iniuriae
3046 888 3123 969 ³).
3216 892 3352 951 tum
3396 887 3784 953 Maximinus

527 983 809 1048 sedecim
855 984 1022 1049 lixas
1066 991 1247 1050 tanta
1290 984 1596 1052 felicitate
1641 987 2006 1071 prostravit,
2063 994 2132 1052 ut
2174 988 2493 1053 vincendo
2538 988 2827 1071 singulos
2873 987 3117 1053 nullam
3165 988 3290 1054 sibi
3336 990 3622 1070 requiem
3669 1011 3784 1074 per

523 1086 1055 1171 intercapidinem
1101 1089 1404 1172 temporis
1451 1088 1657 1154 daret.
1750 1089 1855 1154 hic
1900 1089 2104 1176 captis
2149 1090 2453 1175 praemiis
2499 1091 2713 1156 iussus
2757 1091 2825 1156 in
2868 1091 3165 1157 militiam
3212 1091 3377 1157 mitti
3398 1095 3485 1174 4),
3546 1092 3783 1177 prima-

524 1209 648 1270 que
708 1190 770 1254 ei
830 1190 1155 1276 stipendia
1211 1192 1534 1272 equestria
1594 1192 1771 1258 fuere
1789 1196 1861 1274 ⁵).
1958 1193 2146 1259 tertia
2190 1200 2334 1278 post
2376 1193 2541 1259 haec
2585 1193 2725 1277 die,
2793 1215 2934 1259 cum
2980 1195 3325 1279 imperator
3371 1195 3655 1279 prodiret
3698 1197 3783 1262 ad

524 1311 818 1376 campum
842 1345 856 1374 ,
923 1293 1085 1358 vidit
1141 1314 1284 1359 eum
1339 1295 1732 1359 exultantem
1780 1316 1951 1361 more
1997 1295 2331 1361 barbarico
2374 1296 2686 1379 iussitque
2732 1297 3019 1379 tribunO,
3089 1304 3159 1363 ut
3202 1318 3346 1362 eum
3395 1298 3783 1364 cohercitum

525 1395 608 1459 ad
653 1396 1357 1462 Romanam‘inbueret
1414 1396 1846 1481 disciplinam.
1939 1398 2053 1464 ille
2114 1419 2296 1478 vero,
2365 1400 2476 1464 ubi
2533 1400 2615 1465 de
2676 1420 2746 1465 se
2803 1400 3125 1466 intellexit
3175 1401 3532 1486 principem
3578 1402 3775 1484 loqui,

524 1498 798 1563 accessit
841 1498 925 1563 ad
972 1520 1119 1564 eum
1166 1499 1682 1583 equitantemque
1728 1501 1980 1584 praeire
2027 1502 2301 1585 pedibus
2348 1503 2581 1587 coepit.
2660 1511 2793 1569 tum
2839 1503 3187 1586 imperator
3230 1524 3393 1587 equo
3423 1504 3508 1569 ad
3538 1506 3778 1569 lentum
3825 1506 3907 1569 86
3964 1594 3977 1601 ,

526 1621 780 1665 cursum
827 1602 1192 1668 calcaribus
1236 1602 1501 1668 incitato
1543 1605 1779 1669 multos
1824 1604 2016 1669 urbes
2062 1605 2186 1670 huc
2231 1611 2424 1688 atque
2468 1607 2625 1672 illuc
2668 1627 2872 1689 usque
2917 1606 3002 1671 ad
3034 1627 3215 1672 suam
3248 1607 3781 1690 defatigationem

524 1704 719 1768 variis
766 1703 1123 1771 deflexibus
1167 1705 1504 1789 impedivit
1519 1708 1559 1788 ⁶)
1615 1727 1692 1771 ac
1736 1707 1970 1772 deinde
2018 1708 2111 1773 ait
2153 1708 2284 1773 illi:
2349 1714 2533 1774 ‘num
2577 1709 2736 1792 quid
2765 1710 2866 1774 vis
2896 1716 3043 1793 post
3072 1729 3349 1791 cursum,
3404 1711 3773 1788 Thracisce,

533 1805 882 1872 ‘luctare?'
961 1809 1324 1892 respondit:
1404 1812 1747 1892 ‘quantum
1809 1811 1996 1892 libet,
2066 1811 2465 1895 imperator’.
2557 1812 2647 1877 ita
2702 1812 3014 1893 SeveruS,
3084 1833 3164 1878 ex
3223 1834 3385 1895 equo
3445 1812 3773 1896 desilienS‚

525 1909 993 1977 recentissimos
1053 1912 1327 1977 militum
1388 1933 1530 1978 cum
1594 1933 1669 1979 eo
1725 1912 2038 1979 decertari
2096 1915 2305 1980 iussit.
2400 1922 2470 1981 at
2526 1916 2638 1980 ille
2699 1923 2947 2000 septem
2992 1916 3466 1981 valentissimos
3510 1916 3780 1981 iuvenes

525 2011 610 2077 ad
668 2019 901 2077 terram
949 2014 1170 2096 -elisit,
1235 2015 1331 2080 ita
1394 2022 1464 2081 ut
1523 2023 1714 2081 antea
1759 2017 1920 2081 nihil
1967 2038 2084 2101 per
2129 2018 2471 2083 intervalla
2514 2019 2893 2103 respiraret,
2962 2019 3262 2101 solusque
3308 2041 3348 2084 a
3393 2020 3672 2086 Caesare
3718 2026 3783 2084 et

525 2116 849 2198 argenteis
897 2117 1201 2200 praemiis
1247 2125 1311 2183 et
1353 2138 1549 2184 aureo
1593 2126 1818 2201 torque
1864 2120 2135 2212 donatus
2182 2128 2310 2196 est;
2380 2122 2593 2186 iussus
2655 2120 2888 2187 deinde
2949 2121 3115 2186 inter
3159 2122 3500 2206 stipatores
3546 2121 3781 2204 degere

697 2455 1438 2560 HPVLAOBXWZ.

698 2648 720 2697 1
765 2650 904 2698 daret
938 2652 1027 2700 lic.
1071 2653 1117 2699 A
1343 2654 1531 2701 mirans
1571 2654 1708 2701 XYZ
1953 2654 1983 2703 2
2021 2670 2138 2704 eum
2176 2653 2325 2723 lixis]
2360 2672 2474 2704 eum
2513 2671 2625 2705 cum
2663 2659 2784 2706 lixis
2821 2658 2974 2719 BXY,
3018 2671 3130 2705 cum
3168 2672 3225 2707 eo
3261 2660 3384 2707 lixis
3422 2659 3465 2705 A
3675 2674 3780 2707 cor-

520 2749 665 2796 poreo
707 2735 797 2784 OB
1075 2733 1237 2802 nexu]
1283 2751 1437 2787 sensu
1476 2738 1575 2800 L‘,
1632 2753 1759 2788 sexu
1795 2727 1864 2787 Ι)
2142 2740 2171 2789 3
2210 2743 2514 2791 militaiibus
2555 2744 2598 2790 O
2878 2744 3079 2791 ueniret
3119 2744 3208 2792 OB
3484 2751 3604 2793 tunc
3640 2746 3782 2793 AOB

521 2821 552 2869 4
588 2822 804 2868 sedicem
845 2821 888 2869 O
1130 2819 1396 2889 felicitate]
1431 2826 1673 2874 facilitate
1713 2827 1770 2887 A,
1823 2827 2090 2875 uelocitate
2139 2828 2176 2874 Υ
2215 2827 2331 2888 (non
2370 2822 2436 2890 Χ)
2690 2830 2935 2891 postrauit
2982 2829 3023 2874 V
3261 2831 3535 2879 uincendos
3572 2831 3718 2878 HPV

522 2922 610 2969 per
643 2920 738 2956 om.
786 2906 877 2954 OB
1157 2908 1186 2956 5
1221 2907 1669 2978 intercapidinem]
1707 2910 1892 2971 PVO‘,
1949 2914 2421 2975 intercampidinem
2461 2914 2528 2973 H,
2580 2914 3008 2977 intercapedinem
3045 2915 3248 2977 LAXZ,
3309 2916 3677 2977 interpedinem
3725 2918 3774 2979 Y,

523 2993 882 3054 intercapidine
923 2980 1007 3052 0¹²,
1047 2995 1422 3057 intercapedine
1461 2998 1506 3044 B
1712 2994 1973 3065 temporis]
2010 3005 2294 3062 temporum
2337 3000 2443 3058 OB,
2493 3001 2707 3061 corporis
2744 3002 2789 3047 A
2995 2996 3102 3066 hic]
3137 3015 3230 3049 scr.
3272 3002 3391 3049 hinc
3599 3004 3783 3064 capitis

527 3080 568 3127 O
775 3081 984 3140 premiis
1013 3080 1072 3142 O,
1101 3082 1342 3141 proemiis
1367 3082 1513 3130 HPV
1715 3080 1913 3150 iussus]
1948 3086 1986 3134 i.
2016 3090 2097 3133 est
2120 3085 2163 3132 B
2371 3087 2654 3134 milititiam
2690 3087 2731 3132 V
2935 3086 2966 3135 6
3004 3100 3102 3147 que
3127 3100 3223 3135 om.
3256 3088 3302 3134 A
3512 3085 3585 3155 ei]
3619 3088 3773 3148 ΒΧΥ,

522 3167 595 3213 eis
637 3165 695 3227 Ο,
738 3178 836 3215 om.
875 3166 1112 3214 HPVLA
1345 3169 1828 3229 stipendioquestria
1867 3169 1911 3217 O
2137 3172 2337 3219 tertiam
2373 3178 2487 3232 post
2524 3172 2657 3220 diem
2700 3172 2791 3219 OB
3014 3172 3257 3233 prodierit
3297 3172 3388 3221 OB
3622 3173 3649 3221 7
3689 3176 3781 3221 tri-

525 3247 681 3316 buno]
716 3252 844 3299 bono
886 3252 975 3299 OB
1251 3249 1578 3320 cohercitum]
1614 3253 1863 3314 HPVLY,
1911 3257 2180 3303 coercitum
2216 3256 2323 3318 ΒΧ,
2367 3258 2636 3305 coersitum
2676 3257 2735 3320 O,
2778 3259 2986 3306 coercito
3024 3259 3068 3305 A
3348 3256 3379 3306 8
3417 3259 3628 3307 inbuere
3670 3260 3712 3307 O

524 3339 584 3386 de
620 3352 674 3385 se
718 3336 787 3397 (re
827 3338 941 3399 ΧΥ)
982 3335 1261 3405 intellexit]
1297 3340 1463 3389 intell.
1503 3340 1565 3387 de
1604 3354 1658 3389 se
1696 3340 1742 3386 A
1949 3339 1981 3390 9
2017 3338 2148 3409 tum]
2187 3347 2309 3390 tunc
2347 3342 2406 3402 L,
2456 3356 2571 3391 cum
2611 3343 2655 3391 O
2865 3357 2992 3406 equo
3028 3344 3088 3392 ad
3125 3344 3320 3393 lentum
3365 3345 3441 3407 (ad
3479 3346 3670 3395 lentem
3710 3348 3773 3409 A,

523 3425 581 3472 ad
618 3424 809 3472 lentius
855 3424 963 3487 YZ,
1007 3425 1242 3473 anemius
1277 3426 1352 3486 Χ)
1393 3440 1598 3474 cursum
1642 3429 1852 3486 (cessum
1893 3428 2044 3488 XYZ)
2087 3429 2357 3477 calcaribus
2399 3429 2690 3488 (calcatibus
2730 3431 2791 3490 Α)
2834 3427 3071 3497 incitato]
3118 3445 3333 3491 aequum
3383 3432 3633 3480 adiectum
3670 3434 3777 3480 cul-

522 3516 629 3558 tum
667 3511 934 3558 caltaribus
969 3512 1238 3560 incitatum
1281 3512 1338 3572 O,
1381 3526 1512 3573 equo
1550 3513 1740 3561 adiecto
1777 3513 1832 3560 in
1869 3527 2069 3560 cursum
2106 3514 2379 3562 calcaribus
2416 3516 2682 3563 incitatum
2718 3515 2796 3562 B.-
2835 3530 2963 3577 equo
2998 3516 3057 3564 ad
3094 3517 3376 3565 uiolentum
3415 3531 3614 3565 cursum
3653 3532 3695 3566 c.
3738 3521 3777 3568 i.

523 3595 824 3644 Mur-alorites
859 3603 984 3646 recte
1219 3598 1280 3646 10
1317 3599 1504 3646 multus
1543 3597 1618 3645 A⁰
1844 3595 2016 3666 urbes]
2051 3599 2260 3660 HPAO,
2302 3601 2439 3648 urbis
2476 3601 2575 3661 VL,
2614 3604 2757 3649 orbes
2792 3602 2889 3648 ΒΧ
2896 3603 2933 3649 Υ
3088 3652 3092 3657 ,
3163 3603 3260 3651 huc
3295 3617 3388 3652 om.
3436 3604 3479 3652 O
3687 3619 3780 3653 us-

522 3696 620 3744 que
655 3696 751 3731 om.
794 3683 834 3728 A
1045 3681 1472 3750 defatigationem]
1509 3686 1665 3743 AXY,
1707 3686 2069 3733 defacationem
2107 3685 2312 3749 HPVL,
2355 3686 2698 3746 fatigationem
2741 3687 2832 3734 OB
3068 3688 3120 3737 11
3169 3689 3449 3737 deflexibus
3485 3686 3781 3757 impediuit]

522 3769 792 3816 inflexibus
814 3770 1153 3831 interpedauit
1181 3769 1268 3817 OB
1477 3770 1567 3817 hac.
1597 3770 1640 3818 O
1848 3766 1943 3836 ait]
1981 3771 2111 3818 dixit
2139 3772 2180 3817 Α
2392 3786 2513 3819 num
2540 3787 2637 3821 om.
2671 3771 2714 3819 L
2921 3779 3034 3834 post
3066 3776 3170 3836 (pos
3196 3774 3253 3836 P)
3285 3790 3486 3823 cursum
3511 3789 3608 3826 om.
3638 3776 3709 3823 B‘

522 3850 787 3920 thracisce]
823 3855 1036 3903 thraisce
1077 3857 1135 3918 X,
1177 3858 1363 3916 tragice
1408 3856 1447 3902 Y
1684 3855 1747 3904 12
1785 3858 1962 3904 luctari
1998 3856 2139 3903 ABY
2345 3854 2495 3923 libet]
2530 3858 2695 3920 placet
2732 3859 2838 3922 ΧΥ,
2882 3860 3007 3907 libet
3040 3861 3203 3921 placet
3244 3861 3285 3907 Z
3491 3863 3779 3923 imperatori

526 3940 669 3987 AXY
906 3938 999 4008 ita]
1037 3947 1160 3990 tunc
1196 3941 1336 3989 XYZ
1578 3942 1832 3990 dissiliens
1871 3942 1979 4000 LO,
2022 3943 2334 3991 descendens
2372 3944 2512 3991 XYZ
2760 3943 2820 3993 13
2855 3945 3045 3993 milites
3086 3947 3218 3993 ΧῩΖ
3448 3961 3505 3996 eo
3539 3947 3779 3997 decertari

520 4023 697 4093 iussit]
732 4027 988 4089 HPVXY,
1030 4027 1202 4075 eodem
1239 4029 1416 4076 certari
1450 4029 1605 4076 iussit
1645 4029 1704 4090 Ο,
1744 4027 1916 4076 eodem
1953 4033 2140 4076 certare
2179 4030 2330 4077 iussit
2366 4029 2473 4092 BL,
2517 4043 2575 4078 eo
2610 4031 2765 4079 iussit
2800 4032 3051 4079 decertare
3090 4034 3135 4079 A
3413 4030 3487 4100 at]
3525 4049 3580 4082 ac
3619 4035 3710 4083 OB

520 4108 760 4179 iuuenes]
795 4114 988 4161 milites
1029 4113 1118 4164 OB
1384 4112 1445 4161 14
1482 4119 1637 4162 terras
1680 4114 1722 4160 Z
1963 4121 2022 4161 ut
2059 4129 2155 4164 om.
2203 4115 2245 4162 O
2487 4121 2603 4164 ante
2639 4117 2734 4163 ΧΥ
2974 4120 3216 4180 περίπατοι
3253 4119 3338 4177 A1,
3380 4122 3623 4181 respirare
3663 4120 3707 4168 Ο

521 4213 619 4260 que
653 4212 750 4248 om.
796 4199 886 4247 OB
1133 4197 1194 4247 15
1231 4195 1507 4265 argenteis]
1545 4201 1696 4247 arteis
1733 4198 1802 4245 Αἱ
2031 4202 2268 4261 proemiis
2305 4201 2453 4249 HPV
2678 4204 2967 4265 stirpatores
3009 4205 3052 4252 O
3282 4206 3461 4266 degere
3497 4220 3627 4268 corp.
3670 4203 3780 4273 pr.]

521 4285 678 4345 AOB,
718 4285 897 4333 dedere
933 4299 1068 4347 corp.
1107 4299 1180 4347 pr.
1223 4284 1426 4347 HPVL,
1469 4285 1643 4333 decore
1680 4299 1813 4347 corp.
1852 4299 1927 4346 pr.
1970 4291 2131 4334 astare
2171 4286 2308 4333 XYZ

697 4577 740 4640 1)
783 4580 886 4626 vita
924 4577 1188 4626 Maximini
1224 4578 1289 4625 2.·
1344 4584 1395 4625 et
1442 4580 1497 4625 in
1547 4580 1709 4641 prima
1755 4579 1963 4640 quidem
2009 4580 2228 4639 pueritia
2275 4579 2376 4627 fuit
2420 4587 2590 4642 pastor
2628 4617 2640 4628 .
2673 4617 2684 4629 .
2718 4618 2731 4631 .
2772 4585 2934 4631 natali
2972 4582 3127 4632 Getae
3175 4584 3272 4632 tilii
3309 4586 3521 4633 minoris
3558 4583 3777 4633 Severus

519 4662 765 4712 militares
800 4664 948 4711 dabat
981 4664 1126 4712 ludos
1163 4665 1433 4725 propositis
1467 4666 1708 4726 praemiis
1742 4666 1996 4724 argenteis
2037 4702 2047 4713 .
2082 4701 2094 4713 .
2128 4700 2141 4713 .
2181 4667 2265 4714 hic
2310 4665 2606 4715 adulescens
2644 4671 2697 4715 et
2731 4669 3096 4717 semibarbarus
3144 4675 3197 4718 et
3246 4672 3332 4717 vix
3369 4670 3526 4717 adhuc
3564 4670 3777 4719 Latinae

519 4749 754 4811 liuguae,
803 4763 962 4811 prope
998 4750 1262 4798 Thraecica
1295 4751 1648 4812 imperatorem
1686 4750 1885 4812 publice
1920 4752 2100 4813 petiit,
2156 4756 2215 4799 ut
2251 4752 2353 4799 sibi
2388 4751 2530 4800 daret
2564 4753 2819 4801 licentiam
2856 4756 3195 4804 contendendi
3233 4770 3346 4804 cum
3382 4755 3494 4817 his,
3546 4758 3633 4817 qui
3669 4758 3771 4805 iam

520 4847 618 4882 non
655 4835 893 4883 mediocri
929 4837 1035 4884 loco
1073 4838 1371 4884 militarent.

693 4919 743 4981 2)
782 4924 886 4970 vita
921 4923 957 4972 l.
998 4937 1039 4971 c.
1065 4939 1081 4968 .-
1125 4923 1520 4982 magnitudinem
1558 4923 1770 4984 corporis
1810 4922 2022 4984 Severus
2062 4924 2290 4974 miratus.
2365 4939 2408 4975 c.
2450 4926 2517 4971 6.-
2554 4931 2661 4972 erat
2696 4925 3041 4986 magnitudine
3076 4931 3229 4989 tants,
3272 4932 3330 4974 ut
3364 4931 3471 4975 octo
3506 4926 3660 4988 pedes
3696 4928 3776 4976 di-

519 5009 620 5069 gito
657 5008 913 5056 videretur
948 5022 1196 5069 egressus.
1271 5007 1341 5066 cs.
1381 5010 1486 5055 vita
1524 5007 1788 5056 Maximini
1824 5011 1929 5056 iun.
1971 5024 2013 5057 c.
2056 5011 2104 5057 2.
3518 5059 3531 5063 -

693 5092 741 5154 3)
782 5096 886 5141 vita
923 5110 965 5142 e.
998 5095 1028 5140 Ξ.)
1060 5095 1281 5154 pes-qitzar
1303 5097 1406 5142 sic.-
1461 5095 1679 5154 primum
1717 5107 1836 5142 eum
1873 5108 1986 5141 cum
2019 5095 2146 5143 lixis
2183 5097 2462 5156 composuit
2500 5131 2513 5144 .
2545 5131 2559 5145 .
2591 5130 2604 5145 .
2645 5109 2709 5143 ne
2746 5096 3072 5157 disciplinam
3108 5098 3381 5146 militarem
3418 5105 3767 5160 corrumperet.

687 5178 736 5242 4)
778 5183 884 5228 vita
919 5195 963 5229 c.
1006 5182 1039 5228 2
1069 5182 1260 5240 perpit:
1313 5186 1438 5228 tunc
1473 5180 1782 5228 Maximinus
1830 5181 2047 5228 sedecim
2097 5182 2225 5229 lixas
2276 5195 2376 5229 uno
2423 5181 2604 5230 sudore
2651 5182 2839 5230 devicit
2875 5182 3093 5231 sedecim
3131 5184 3349 5244 acceptis
3387 5186 3624 5245 praemiis
3664 5219 3677 5234 .
3708 5221 3723 5234 .
3755 5221 3770 5234 .

519 5267 790 5327 iussusque
825 5267 1059 5315 militare.

691 5351 740 5412 5)
778 5354 884 5400 vita
919 5367 963 5400 c.
1005 5354 1068 5399 2.-
1107 5353 1268 5412 prima
1303 5353 1557 5413 stipendia
1594 5353 1846 5414 equestria
1882 5352 2001 5400 huic
2035 5354 2198 5401 fuere.

692 5437 736 5498 6)
781 5440 882 5486 vita
919 5453 960 5487 c.
1002 5440 1035 5487 3
1068 5442 1177 5499 post
1212 5438 1356 5486 verba
1392 5438 1564 5486 adlata
1599 5443 1703 5488 not.
1746 5442 1810 5485 4.·
1867 5440 2015 5486 tertia
2053 5441 2178 5487 rorte
2221 5439 2302 5486 die
2348 5453 2462 5486 cum
2508 5440 2838 5500 processisset
2873 5440 3088 5489 Severus
3124 5441 3186 5490 ad
3224 5456 3485 5504 campum,
3534 5442 3588 5488 in
3624 5444 3773 5490 turba

519 5525 831 5572 exultantem
866 5536 1001 5572 more
1036 5525 1286 5573 barbarico
1322 5524 1651 5572 Maximinum
1691 5525 1817 5572 vidit
1851 5525 2101 5586 iussitque
2136 5527 2306 5573 statim
2344 5527 2579 5586 tribuno,
2620 5532 2680 5574 ut
2714 5541 2829 5575 eum
2867 5534 3114 5576 coerceret
3149 5543 3205 5575 ac
3240 5529 3509 5576 Romanam
3545 5529 3771 5590 discipli-

520 5623 636 5657 nam
682 5611 949 5660 imbueret.
1026 5615 1149 5658 tunc
1185 5610 1273 5657 ille
1311 5611 1396 5657 ubi
1433 5612 1495 5657 de
1533 5625 1586 5658 se
1622 5611 1878 5658 intellexit
1912 5612 2259 5673 imperatorem
2294 5613 2546 5673 locutum,
2591 5649 2602 5661 .
2637 5648 2648 5660 .
2683 5651 2695 5662 .
2736 5613 2794 5660 ad
2833 5614 2986 5676 pedes
3021 5615 3337 5675 imperatoris
3374 5615 3649 5676 equitantis
3686 5629 3768 5663 ac-

518 5697 687 5746 cessit.
762 5701 871 5743 tum
914 5732 925 5744 .
960 5733 972 5747 .
1009 5733 1018 5743 .
1061 5695 1275 5744 Severus
1314 5735 1326 5747 .
1360 5733 1370 5745 .
1406 5733 1418 5745 .
1459 5710 1646 5758 equum
1696 5697 1896 5745 admisit
1941 5698 2115 5745 multis
2161 5698 2593 5746 circumitionibus
2634 5704 2688 5747 et
2722 5713 2836 5747 cnm
2870 5701 3143 5761 imperator
3175 5701 3447 5748 laborasset
3482 5714 3648 5763 neque
3682 5701 3772 5749 ille

517 5796 545 5828 a
581 5781 823 5829 currendo
861 5795 949 5843 per
985 5783 1142 5830 multa
1178 5783 1340 5843 spatia
1375 5783 1603 5831 desisset.
