4882 6775
1111 489 1188 551 12
2553 486 2909 541 lonnAms

1104 680 1280 741 ortus
1341 681 1705 760 exsuperat.
1815 673 1910 739 sic
1975 676 2207 758 (rarum
2252 675 2419 740 alias
2466 667 2684 759 decus]
2748 675 2936 741 unius
2987 697 3181 740 manu
3241 682 3430 761 parta
3473 675 3738 742 victoria
3781 682 3941 751 est„
4009 695 4201 758 quam
4245 675 4359 741 ille
4389 690 4558 731 rtem
4591 690 4632 737 ¹·
4662 691 4702 734 ³-
4729 690 4754 727 ὅ

1104 800 1255 844 mox
1299 778 1642 863 parricidio
1688 776 1993 843 foedavit.
2090 799 2237 842 nam
2284 777 2544 844 flentem
2597 779 2805 863 spolia
2851 780 3020 844 circa
3066 798 3136 844 se
3183 779 3403 863 sponsi
3461 778 3750 863 quidem,
3818 779 3937 844 sed
3996 779 4187 859 ostie,
4254 797 4359 843 so—

1104 900 1310 946 rorem
1353 879 1637 946 viderat:
1689 880 1858 945 hunc
1899 886 2029 944 tam
2072 881 2463 946 inmaturum
2507 902 2790 947 amorem
2835 881 3105 965 virginis
3149 884 3323 947 ultus
3367 888 3469 948 est
3511 883 3699 961 ferro,
3751 888 3820 947 ut
3849 882 4118 947 auderet
4145 881 4350 963 leges,

986 985 1065 1045 97
1105 983 1317 1049 nefas:
1389 983 1506 1049 sed
1561 983 1831 1048 abstulit
1885 982 2088 1048 virtus
2145 983 2530 1067 parricidam
2590 992 2655 1050 et
2709 985 2961 1050 facinus
3018 984 3190 1049 infra
3241 985 3514 1068 gloriam
3560 986 3699 1051 fuit.
3795 1005 3914 1051 nec
3959 983 4070 1049 diu
4114 983 4183 1047 in
4227 983 4353 1048 fide
4381 1012 4420 1041 c.
4449 1001 4478 1041 6

1040 1105 1065 1145 s
1105 1085 1429 1150 Albanus:
1481 1106 1630 1150 nam
1659 1084 1971 1150 Fidenate
2016 1086 2188 1150 bello
2232 1085 2409 1152 misit
2453 1087 2520 1153 in
2565 1087 2880 1153 auxilium
2925 1109 3007 1154 ex
3053 1087 3348 1153 foedere:
3401 1088 3596 1154 medii
3639 1088 3807 1154 inter
3850 1088 4010 1153 duos
4055 1092 4358 1171 expecta-

1104 1206 1256 1253 vere
1301 1187 1637 1253 fortunam.
1733 1187 1851 1253 sed
1908 1209 2023 1253 rex
2081 1189 2356 1254 callidus
2418 1191 2527 1255 ubi
2587 1191 2897 1256 inclinare
2957 1191 3165 1256 socios
3224 1190 3311 1256 ad
3355 1198 3556 1256 ostem
3602 1191 3812 1272 videt,
3869 1191 4037 1256 tollit
4078 1190 4347 1271 animos,
4383 1218 4422 1247 e·
4451 1208 4476 1247 ⁷

1104 1290 1290 1375 quasi
1348 1290 1741 1357 mandasset.
1838 1311 1988 1376 spes
2045 1292 2198 1358 inde
2258 1294 2602 1375 Romanis,
2666 1302 2876 1360 metus
2934 1296 3246 1362 hostibus.
3342 1296 3435 1361 sic
3492 1294 3673 1360 fraus
3729 1294 4119 1378 proditorum
4178 1293 4357 1357 irrita

1104 1393 1246 1459 fuit.
1332 1394 1551 1477 itaque
1596 1395 1777 1459 hoste
1822 1394 1990 1459 victo
2035 1403 2356 1480 ruptorem
2402 1396 2682 1463 foederis
2729 1398 2994 1464 Mettum
3039 1399 3367 1464 Furetium
3412 1399 3752 1481 religatum
3797 1396 3964 1462 inter
4007 1396 4168 1462 duos
4213 1416 4354 1462 cur-
4381 1424 4420 1452 c.
4450 1415 4478 1455 s

1104 1517 1206 1562 ros
1265 1497 1632 1581 pernicibus
1690 1497 1875 1579 equis
1929 1497 2185 1563 distrait
2229 1499 2589 1583 Albamque
2646 1501 2855 1586 ipsam
2902 1502 3197 1585 quamvis
3240 1508 3605 1587 parentem,
3673 1501 3953 1565 emulam
3996 1506 4213 1564 tamen
4256 1498 4355 1563 di-

1014 1619 1067 1659 ιο
1105 1599 1264 1679 ruit,
1328 1619 1473 1665 cum
1531 1600 1772 1683 primus
1832 1620 2052 1666 omnes
2098 1622 2253 1686 opes
2302 1603 2478 1668 urbis
2524 1604 2859 1688 ipsumque
2905 1605 3210 1688 populum
3257 1606 3525 1670 Romam
3570 1602 4031 1668 transtulisset:
4101 1620 4356 1686 prorsus
4382 1630 4421 1659 c.
4449 1620 4476 1659 ⁹

1107 1708 1177 1767 ut
1218 1704 1697 1787 consanguinea
1741 1702 1967 1768 civitas
2011 1725 2138 1769 non
2183 1706 2449 1789 perisse,
2504 1706 2620 1771 sed
2666 1707 2731 1770 in
2780 1726 2963 1771 suum
3011 1727 3241 1791 corpus
3287 1708 3532 1772 redisse
3576 1725 3795 1772 rursus
3841 1704 4186 1770 videretur.

989 1810 1069 1871 98
1280 1806 1497 1871 Ancus
1558 1806 1790 1872 deinde
1848 1807 2124 1872 Marcius
2183 1829 2387 1893 nepus
2446 1809 2740 1894 Pompilii
2801 1831 2880 1874 ex
2940 1810 3110 1889 filia,
3177 1830 3373 1893 pravo
3431 1808 3714 1892 ingenio,
3806 1807 4003 1891 igitur
4057 1812 4123 1873 et
4179 1824 4625 1876 mur01.⁴.¹.2

1106 1908 1359 1973 moenia
1414 1909 1753 1993 amplexus
1798 1915 1899 1975 est
1942 1917 2006 1974 et
2047 1909 2419 1976 influentem
2468 1912 2608 1977 urbi
2654 1913 3046 1997 Tyberinum
3092 1919 3282 1998 ponte
3327 1912 3647 1977 commisit
3689 1911 4062 1994 Ostiamque
4107 1909 4175 1975 in
4217 1910 4360 2001 ipso

1106 2011 1304 2076 maris
1346 2010 1753 2095 fluminisque
1800 2013 2071 2078 confinio
2118 2014 2431 2079 coloniam
2477 2016 2710 2099 posuit,
2763 2016 2890 2080 iam
2935 2022 3086 2081 tunc
3129 2016 3435 2081 videlicet
3477 2015 3897 2100 praesagiens
3940 2013 4156 2079 animo
4187 2013 4358 2080 futu-

1012 2137 1068 2177 15
1107 2135 1267 2196 rum,
1320 2121 1390 2181 ut
1434 2115 1625 2180 totius
1671 2115 1893 2180 mundi
1939 2137 2095 2200 opes
2141 2124 2207 2182 et
2251 2126 2575 2183 comeatus
2621 2119 2733 2183 illo
2778 2120 2956 2184 velut
2999 2119 3316 2184 maritimo
3361 2118 3538 2183 urbis
3581 2118 3812 2202 ospitio
3857 2124 4320 2202 receperentur.

987 2224 1067 2284 99
1275 2218 1664 2300 Tarquinius
1723 2225 1947 2302 postea
2003 2220 2260 2285 Priscus
2323 2222 2616 2303 quamvis
2682 2221 3147 2287 transmarinae
3223 2222 3489 2305 originis
3559 2241 3825 2304 regnum
3899 2221 4064 2286 ultro
4131 2228 4357 2306 petens
4390 2238 4427 2283 ι.
4455 2239 4550 2283 ⁵.1

1106 2320 1356 2402 accepit
1418 2321 1499 2385 ob
1555 2320 1936 2386 industriam
1982 2328 2174 2405 atque
2221 2323 2649 2406 elegantiam,
2716 2324 2952 2409 quippe
2998 2324 3108 2405 qui
3153 2324 3458 2390 oriundus
3507 2322 3810 2389 Corintho
3856 2323 4130 2388 Grecum
4175 2322 4361 2407 inge-

1106 2423 1281 2487 nium
1327 2422 1574 2488 Italicis
1618 2424 1863 2489 artibus
1909 2425 2290 2491 miscuisset.
2387 2426 2491 2491 hic
2550 2433 2615 2491 et
2659 2434 2923 2492 senatus
2968 2428 3369 2493 maiestatem
3416 2447 3678 2493 numero
3722 2425 4057 2510 ampliavit
4100 2433 4164 2491 et
4205 2445 4356 2490 cen-
4384 2455 4424 2483 o.
4453 2444 4479 2484 2

1106 2525 1290 2589 turiis
1332 2525 1537 2590 tribus
1580 2526 1793 2606 auxit,
1860 2534 2174 2610 quatenus
2220 2529 2444 2595 Actius
2490 2530 2737 2595 Nevius
2798 2550 3127 2595 numerum
3189 2531 3414 2613 augeri
3468 2530 3878 2616 prohibebat,
3932 2528 4029 2593 vir
4073 2547 4358 2594 summus

1006 2651 1067 2694 πο
1105 2628 1401 2710 augurio.
1493 2649 1685 2710 quem
1742 2650 1855 2695 rex
1913 2631 1978 2694 in
2039 2633 2545 2714 experimentum
2604 2634 2887 2717 rogavit,
2941 2634 3171 2700 fierine
3230 2641 3481 2718 posset,
3549 2634 3721 2714 quod
3762 2633 3904 2716 ipse
3951 2639 4162 2697 mente
4208 2652 4360 2698 coe-
4384 2663 4423 2689 υ.
4454 2654 4479 2693 3

1107 2736 1312 2815 perat.
1404 2731 1518 2796 ille
1562 2751 1695 2797 rem
1742 2739 2046 2816 expertus
2090 2735 2394 2818 auguri0,
2462 2755 2650 2820 posse
2694 2737 3046 2820 respondit.
3148 2736 3422 2819 ‘adquin
3469 2737 3638 2815 hoc',
3691 2736 3951 2819 inquid,
4011 2735 4356 2819 ‘agitaram
4386 2765 4426 2793 c.
4455 2755 4480 2795 ⁴

1115 2837 1360 2899 ‘cutem
1405 2833 1587 2898 illam
1634 2835 1838 2900 secari
1883 2837 2197 2902 novacula
2241 2841 2481 2922 posse'.
2580 2846 2645 2904 et
2687 2860 2915 2921 augur,
2977 2840 3246 2924 ‘potes’,
3296 2838 3554 2921 inquid:
3606 2845 3671 2905 et
3716 2839 3940 2904 secuit.
4032 2839 4187 2904 inde
4232 2840 4358 2902 Ro-
4386 2868 4426 2897 e.
4452 2860 4478 2898 s

952 2945 1071 3005 100
1109 2936 1319 3001 manis
1387 2955 1569 3001 sacer
1633 2945 2009 3021 auguratus.
2117 2960 2325 3023 neque
2392 2961 2554 3026 pace
2611 2942 3002 3024 Tarquinius
3068 2963 3259 3026 quam
3324 2944 3497 3008 bello
3558 2942 3934 3026 promptior:
4021 2940 4358 3006 duodecim

1105 3059 1380 3123 namque
1425 3040 1701 3106 Tusciae
1746 3042 2018 3126 populos
2061 3041 2504 3127 frequentibus
2549 3045 2744 3109 armis
2789 3044 3068 3129 subegit.
3138 3045 3290 3111 inde
3335 3045 3544 3111 fasces
3587 3046 3850 3111 trabeae
3896 3044 4153 3110 curules
4182 3044 4360 3110 anuli
4386 3072 4426 3102 e·
4453 3064 4478 3103 ⁶

1007 3168 1068 3208 2⁵
1107 3142 1372 3227 phalere
1424 3142 1884 3227 paludamenta
1928 3152 2334 3229 praetextae,
2398 3146 2552 3212 inde
2598 3148 2771 3229 quod
2816 3168 3009 3214 aureo
3054 3168 3275 3229 curru,
3344 3156 3641 3232 quattuor
3682 3148 3865 3230 equis
3907 3148 4353 3232 triumphatur,
4399 3166 4404 3169 ·

1103 3251 1294 3328 togae
1352 3245 1561 3329 pictae
1621 3247 2003 3331 tunicaeque
2063 3251 2381 3333 palmate,
2449 3251 2663 3316 omnia
2724 3251 3001 3335 denique
3061 3251 3294 3317 decora
3347 3260 3412 3318 et
3454 3251 3766 3334 insignia,
3832 3251 4064 3334 quibus
4107 3249 4358 3334 imperii

1105 3347 1392 3431 dignitas
1435 3350 1735 3431 aeminet,
1788 3358 2044 3437 sumpta
2088 3360 2255 3420 sunt.

950 3462 1059 3526 ¹01
1281 3451 1544 3518 Servius
1574 3454 1828 3519 Tullius
1874 3454 2180 3541 deinceps
2224 3459 2666 3541 gubernacula
2709 3458 2886 3523 urbis
2929 3459 3197 3540 invadit,
3251 3479 3369 3524 nec
3414 3459 3768 3523 obscuritas
3811 3457 4090 3524 inhibuit
4132 3478 4358 3540 quam-
4387 3477 4424 3523 ι.
4452 3477 4492 3524 ⁶.
4528 3478 4545 3517 ι

1104 3552 1205 3618 vis
1261 3561 1463 3621 matre
1521 3575 1710 3622 serva
1771 3565 2075 3623 creatum.
2168 3581 2320 3625 nam
2380 3560 2684 3626 eximiam
2729 3561 3010 3626 indolem
3056 3581 3218 3626 uxor
3259 3561 3594 3643 Tarquinii
3638 3561 3961 3643 Tanaquil
4006 3560 4360 3627 liberaliter

1006 3684 1066 3724 ao
1105 3656 1497 3723 educaverat
1555 3667 1620 3725 et
1678 3661 1919 3726 clarum
1978 3661 2113 3727 fore
2169 3663 2312 3727 visa
2367 3663 2538 3728 circa
2582 3670 2776 3747 caput
2818 3663 3078 3729 flamma
3120 3662 3522 3748 promiserat.
3619 3683 3771 3746 ergo
3813 3663 3981 3729 inter
4023 3663 4356 3746 Tarquinii
4381 3692 4421 3722 c.
4450 3681 4477 3724 2

1108 3766 1371 3824 mortem
1418 3762 1747 3828 annitente
1792 3764 2017 3846 regina
2062 3765 2441 3831 substitutus
2486 3766 2552 3831 in
2598 3767 2804 3831 locum
2851 3767 3024 3850 regis
3070 3766 3258 3850 quasi
3301 3767 3368 3829 in
3413 3774 3666 3850 tempus
3712 3787 3978 3850 regnum
4025 3767 4172 3832 dolo
4202 3788 4353 3852 par-

952 3872 1070 3933 102
1107 3869 1239 3928 tum
1288 3862 1381 3929 sic
1438 3865 1575 3948 egit
1616 3866 2004 3948 industriae,
2073 3875 2142 3933 ut
2185 3868 2323 3933 iure
2368 3868 2644 3953 adeptus
2688 3870 3033 3935 videretur.
3127 3871 3211 3936 ab
3257 3870 3378 3936 hoc
3423 3869 3698 3955 populus
3743 3871 4070 3935 Romanus
4117 3871 4354 3935 relatus
4381 3901 4420 3929 c.
4452 3892 4477 3930 :3

1171 4198 1177 4204 .
1278 4158 1399 4206 ΗΡ
1428 4159 1592 4207 VSL
1630 4161 1894 4220 Freeuts’m
1930 4166 1991 4222 1,
2031 4165 2092 4221 3,
2139 4167 2201 4212 15
2256 4160 2338 4224 (12
2387 4168 2439 4210 et
2476 4177 2614 4211 muro
2661 4190 2728 4199 —
2782 4163 2842 4211 14
2881 4166 3091 4225 posuit).
3171 4169 3228 4224 1,
3270 4167 3325 4224 3,
3374 4168 3435 4213 16
3494 4163 3577 4224 (16
3617 4165 3921 4226 Tarquinius
3969 4193 4036 4201 —
4086 4166 4148 4215 27
4189 4168 4347 4227 sunt).

1106 4249 1155 4308 1,
1196 4247 1246 4307 3,
1290 4247 1353 4294 17
1394 4249 1445 4306 (a
1481 4244 1546 4295 28
1585 4245 1830 4308 Servius).
1867 4272 1937 4282 —
1975 4247 2104 4298 Mur.
2141 4263 2195 4310 p.
2228 4248 2358 4297 226⁰
2391 4265 2438 4297 v.
2476 4248 2492 4296 1
2537 4264 2724 4302 rarum.

1281 4400 1300 4449 1
1344 4397 1489 4468 alias]
1529 4401 1722 4462 Florus,
1765 4403 1893 4449 alius
1931 4401 2089 4463 HPV,
2132 4403 2245 4450 aliia
2281 4403 2365 4452 SL
2574 4401 2604 4451 2
2642 4404 2882 4465 parricido
2921 4405 2964 4452 L
3171 4400 3418 4471 foedauit]
3463 4405 3555 4466 VS,
3605 4406 3797 4453 sedauit
3834 4406 3940 4468 ΗΡ,
3985 4408 4206 4456 saedauit
4242 4409 4284 4456 L

1103 4484 1333 4554 quidem]
1369 4487 1552 4535 uidens
1587 4487 1787 4548 quidem
1828 4487 1868 4534 L
2080 4487 2108 4535 3
2148 4495 2204 4537 ut
2240 4487 2467 4556 auderet]
2511 4490 2623 4550 (-rit
2647 4489 2741 4551 H0)
2784 4489 2900 4538 libri
2932 4496 2976 4538 et
3017 4491 3192 4538 Florus
3224 4491 3458 4552 (Bamb.),
3499 4494 3719 4540 citauere
3757 4493 3887 4541 Flor.
3919 4493 4120 4554 (Nazjz
4164 4508 4252 4542 ser.
4295 4500 4354 4542 ut

1101 4573 1299 4621 audiret
1506 4572 1535 4620 5
1574 4570 1735 4639 misit]
1770 4573 1886 4621 libri
1906 4579 1951 4621 et
1978 4573 2115 4622 Iord.
2144 4579 2188 4622 et
2217 4576 2366 4638 Flori,
2397 4577 2540 4624 missi
2565 4579 2835 4636 requiritur
3025 4577 3264 4624 auxilinm
3291 4577 3335 4624 P
3529 4575 3618 4644 ex]
3653 4585 3705 4626 et
3730 4578 3772 4625 L
3981 4577 4008 4626 7
4049 4577 4354 4646 mandasset]

1102 4659 1277 4707 Florus
1304 4656 1384 4718 1²²,
1416 4659 1687 4707 maudaasit
1711 4659 1761 4721 S,
1793 4660 2045 4708 mandasit
2068 4659 2182 4708 31²¹
2195 4661 2247 4720 V,
2277 4662 2465 4709 munda
2490 4663 2559 4709 ait
2583 4663 2626 4710 L
2817 4659 3055 4729 romanis]
3093 4664 3274 4711 nostris
3301 4664 3476 4710 Florus
3668 4665 3858 4712 irritam
3885 4665 3923 4713 S
4131 4665 4161 4715 8
4199 4662 4353 4732 uic-to]

1103 4743 1203 4802 SL,
1254 4745 1385 4792 ulcio
1423 4745 1480 4804 P,
1534 4746 1661 4793 uitio
1697 4746 1750 4792 H
1759 4746 1797 4791 V
2046 4744 2315 4814 furetium]
2362 4748 2473 4796 libri
2508 4753 2553 4795 et
2591 4749 2765 4796 Florus
2793 4748 3033 4811 (Bamb.),
3087 4750 3333 4798 auretium
3370 4751 3548 4798 Florus
3579 4750 3761 4812 (Nam),
3815 4753 4080 4811 requiritur
4115 4752 4352 4800 fufetium

1104 4829 1167 4879 10
1204 4827 1420 4897 primus]
1455 4832 1595 4892 prius
1633 4831 1809 4879 Florus
2015 4830 2384 4900 transtulisset]
2421 4835 2740 4883 transtulisse
2775 4836 2863 4884 aed
2901 4835 2944 4883 L
3156 4834 3216 4883 12
3254 4832 3431 4902 prauo]
3469 4823 3756 4897 H¹²PVSL⁶‚
3800 4837 3948 4885 suano
3971 4839 4025 4896 (⁴2)
4066 4836 4162 4898 11⁶,
4202 4852 4355 4898 praua

1102 4915 1191 4976 L‘,
1212 4929 1341 4964 ‘raro
1378 4917 1555 4964 Florus
1587 4917 1824 4979 (Bamb.),
1866 4919 1975 4979 pari
2010 4919 2188 4967 Florus
2218 4919 2381 4982 (Ναι.)
2411 4925 2539 4968 recte
2746 4921 2901 4982 igitur
2938 4935 3032 4970 om.
3066 4922 3111 4970 L
3322 4920 3383 4970 13
3419 4923 3794 4971 interfluentem
3833 4924 4006 4972 Florus
4215 4925 4356 4983 tybe-

1098 5003 1227 5049 rium
1268 5003 1313 5049 P
1514 5010 1719 5065 pontem
1756 5004 1843 5053 PL
2070 5004 2130 5054 15
2167 5011 2458 5068 receperent
2495 5007 2538 5055 P
2763 5005 2822 5055 17
2863 5009 3153 5055 intustriam
3190 5009 3234 5056 P
3436 5009 3695 5057 chorintho
3742 5010 3781 5056 V
3996 5011 4249 5070 ingeniom
4288 5008 4356 5056 1²⁸

1105 5086 1166 5135 18
1203 5089 1342 5135 italis
1366 5089 1409 5136 L
1622 5089 1682 5138 19
1721 5092 1859 5138 acius
1885 5093 2065 5139 neuius
2092 5093 2197 5150 Fr„
2238 5095 2368 5140 atius
2398 5093 2575 5154 (attius
2603 5094 2747 5153 Naz.)
2776 5095 2991 5142 naeuius
3025 5096 3117 5148 {vet
3141 5094 3342 5155 neuius)
3378 5096 3512 5143 Flort
3535 5094 3649 5142 libri
3858 5095 3922 5144 20
3961 5099 4352 5159 experimentum

1099 5172 1170 5220 1²¹¹
1380 5172 1570 5241 posset]
1610 5176 1797 5238 Florus,
1838 5179 1998 5238 possit
2033 5178 2147 5225 libri
2172 5183 2216 5226 et
2242 5179 2321 5226 Fr.
2534 5176 2784 5246 coeperat]
2820 5180 2930 5228 libri
2954 5185 2999 5227 et
3024 5181 3130 5241 Fr„
3172 5187 3463 5242 conceperat
3490 5181 3666 5228 Florm
3874 5181 3935 5230 21
3976 5196 4082 5230 rem
4118 5183 4354 5242 experitis

1100 5259 1167 5320 H,
1211 5273 1313 5306 rem
1349 5261 1553 5322 expetis
1594 5259 1648 5323 Ρ,
1691 5268 1771 5310 est
1806 5276 1908 5310 rem
1946 5271 2189 5325 expertus
2215 5264 2253 5310 S
2460 5262 2672 5331 adquin]
2708 5266 2770 5314 ad
2795 5280 2944 5328 quem
2979 5267 3060 5314 Fr.
3273 5264 3476 5333 inquid]
3511 5269 3592 5315 int
3615 5267 3653 5314 S
3859 5264 4118 5335 agitaram]
4158 5269 4348 5330 Floms,

1099 5348 1342 5407 agituram
1390 5346 1504 5395 libri
1538 5352 1582 5394 et
1623 5348 1704 5398 Fr.
1985 5347 2049 5398 22
2088 5347 2277 5416 cutem]
2325 5350 2548 5399 HP‘¹SL
2823 5353 2910 5399 illa
2945 5351 2983 5399 S
3257 5349 3439 5418 secari]
3485 5355 3697 5402 resecari
3732 5355 3770 5403 S
4045 5368 4275 5403 romanus
4312 5354 4356 5403 L

1101 5430 1165 5480 23
1203 5433 1420 5480 duodece
1456 5433 1567 5496 ΗΡ,
1610 5435 1864 5483 duodecen
1902 5435 1960 5496 L,
2016 5435 2269 5484 duodece*
2314 5436 2588 5496 (duodecim
2624 5453 2691 5486 m.
2736 5439 2782 5496 2)
2837 5439 2879 5486 V
3151 5437 3215 5488 24
3253 5441 3414 5487 tusiae
3451 5441 3489 5488 S
3766 5439 3831 5489 25
3871 5441 4208 5501 paludimenta
4243 5441 4288 5489 L

1099 5518 1429 5580 triumphator
1465 5519 1520 5566 H
1724 5521 1788 5570 28
1826 5523 2052 5571 serouius
2093 5521 2148 5582 P,
2192 5523 2387 5570 senius
2430 5523 2645 5584 (seruius
2680 5539 2748 5573 m.
2779 5525 2828 5586 2)
2870 5527 2914 5573 1,
3119 5525 3296 5573 lullius
3332 5524 3370 5572 S
3575 5527 3915 5575 *ubernacula
3955 5527 4099 5587 (gub-
4132 5542 4199 5575 m.
4230 5528 4277 5587 2)
4320 5527 4359 5573 V

1100 5602 1165 5652 29
1202 5604 1393 5652 liberali
1436 5606 1581 5666 (aput.
1612 5622 1717 5656 vac.
1749 5614 1778 5657 4
1804 5607 1924 5668 lm.)
1966 5608 2235 5656 ducauerat
2274 5607 2319 5653 P
2524 5608 2590 5657 30
2626 5611 2807 5659 clarem
2832 5611 2897 5673 H,
2941 5612 3143 5660 clareim
3169 5611 3273 5674 PV,
3315 5613 3494 5660 claram
3532 5613 3613 5660 Fr.
3826 5614 3937 5661 uiso
3973 5611 4045 5659 L‘
4252 5620 4356 5661 tar·-

1099 5692 1342 5751 tarquinii
1380 5691 1433 5737 H
1706 5692 1764 5741 31
1808 5695 2125 5741 annitentem
2165 5694 2310 5742 HPV
2585 5697 2893 5744 substitutus
2933 5712 3030 5746 om.
3072 5699 3115 5745 L
3392 5700 3445 5746 in
3484 5695 3707 5764 tempus]
3755 5712 3854 5747 non
3890 5703 3926 5746 t.
3975 5698 4031 5760 P,
4086 5700 4146 5746 ad
4186 5705 4221 5747 t.
4270 5700 4350 5748 Fr.

1099 5774 1161 5824 32
1198 5775 1282 5845 ab]
1318 5776 1376 5823 ad
1416 5776 1497 5825 VL
1705 5779 1917 5839 populus
1954 5777 2210 5846 romanus]
2249 5781 2365 5842 Fr„
2408 5783 2616 5842 populos
2651 5796 2878 5832 romanos
2914 5783 3030 5832 libri
