4882 6775
421 1640 476 1680 10

418 2156 475 2195 15

411 2670 471 2711 20

1994 499 2295 557 GETICA.
3652 508 3673 566 1
3690 506 3770 567 27

514 691 903 775 cadiopolim
950 698 1018 756 ut
1060 691 1445 771 incolerent,
1500 691 1883 774 petiverunt.
1978 691 2234 755 Hernac
2279 710 2531 773 quoque
2575 691 2785 755 iunior
2827 690 3065 755 Attilae
3110 690 3279 755 filius
3325 712 3470 756 cum
3518 692 3652 757 suis
3695 692 3763 756 in
3812 692 3863 756 L

515 802 801 860 extrema
860 794 1123 858 minoris
1170 793 1476 877 Scythiae
1524 793 1713 858 sedes
1760 793 2022 877 delegit.
2119 795 2465 859 Emnetzur
2523 801 2589 859 et
2632 793 2966 859 Vltzindur
3016 793 3477 876 consanguinei
3522 793 3663 860 eius
3705 795 3773 858 in

517 898 719 962 Dacia
764 897 1018 981 ripense
1066 898 1184 962 Vto
1230 906 1294 962 et
1338 897 1532 962 Hisco
1577 898 1889 979 Almoque
1936 897 2118 981 potiti
2167 904 2343 977 sunt,
2397 897 2709 979 multique
2755 897 3131 962 Hunnorum
3176 896 3420 981 passim
3464 918 3773 982 proruen-

516 1008 614 1066 tes
657 1009 809 1066 tunc
854 1021 922 1064 se
968 1001 1035 1065 in
1082 1001 1395 1064 Romania
1455 999 1873 1075 dediderunt,
1942 1020 1979 1066 e
2040 999 2272 1081 quibus
2329 1020 2499 1064 nunc
2559 1020 2760 1084 usque
2807 1000 3261 1065 Sacromontisi
3322 1007 3386 1064 et
3431 999 3768 1066 Fossatisii

518 1105 830 1169 dicuntur.
928 1110 1109 1168 erant
1154 1104 1208 1167 si
1253 1103 1512 1184 quidem
1561 1110 1625 1167 et
1669 1103 1782 1167 alii
1814 1103 2028 1183 Gothi,
2083 1103 2192 1186 qui
2236 1101 2536 1168 (licuntur
2563 1104 2860 1185 minores,
2912 1104 3188 1187 populus
3217 1102 3569 1183 inmensus,
3623 1123 3766 1167 cum
3812 1104 3896 1169 LI
3945 1108 4068 1169 267

517 1227 629 1272 suo
673 1206 971 1291 pontifice
1015 1207 1284 1289 ipsoque
1329 1206 1598 1290 primate
1629 1206 1888 1286 Vulfila,
1942 1206 2052 1289 qui
2097 1205 2191 1270 eis
2238 1206 2470 1270 dicitur
2514 1213 2579 1272 et
2621 1207 2870 1271 litteras
2917 1206 3271 1271 instituisse
3296 1210 3366 1289 ¹).
3455 1206 3773 1289 hodieque

516 1318 663 1376 sunt
704 1311 771 1374 in
816 1310 1060 1373 Moesia
1103 1309 1430 1390 regionem
1475 1309 1828 1373 incolentes
1859 1309 2375 1391 Nicopolitanam
2421 1310 2506 1373 ad
2550 1310 2754 1393 pedes
2783 1309 3132 1374 Emimonti
3176 1327 3338 1392 gens
3382 1310 3603 1390 multa,
3657 1309 3775 1375 sed

514 1434 802 1497 paupera
847 1420 910 1476 et
952 1412 1215 1476 inbellis
1262 1411 1549 1492 nihilque
1595 1412 1977 1477 habundans
2021 1412 2146 1476 nisi
2192 1419 2482 1477 armenta
2528 1412 2767 1477 diversi
2811 1413 3067 1494 generis
3098 1432 3398 1497 pecorum
3436 1421 3501 1478 et
3532 1433 3775 1498 pascua

516 1517 809 1598 silvaque
858 1516 1215 1597 liguarum;
1268 1535 1494 1599 parum
1541 1514 1734 1580 tritici
1780 1516 2250 1597 citerarurnque
2296 1516 2656 1599 specierum
2699 1522 2905 1580 terras
2950 1516 3286 1580 fecundas.
3366 1516 3591 1581 vineas
3623 1536 3773 1581 vero

517 1639 652 1691 nec,
708 1620 763 1682 si
811 1626 957 1683 sunt
1002 1618 1180 1696 alibi,
1234 1618 1389 1681 certi
1422 1637 1640 1681 eorum
1687 1626 2079 1699 cognoscent
2122 1638 2201 1681 ex
2247 1618 2460 1681 vicina
2505 1618 2648 1683 loca
2693 1618 2814 1683 sibi
2859 1617 3076 1682 vinum
3122 1619 3562 1700 negotiantes3
3617 1640 3768 1684 narn

516 1723 680 1787 lacte
726 1724 981 1786 aluntur
1022 1721 1337 1805 plerique.
3985 1809 3996 1821 ι

685 1826 879 1907 Ergo,
935 1832 1002 1888 ut
1046 1824 1131 1887 ad
1177 1831 1457 1904 gentem,
1513 1824 1681 1888 unde
1726 1824 2002 1907 agimus,
2056 1832 2474 1905 revertamur,
2526 1824 2596 1888 id
2627 1832 2725 1888 est
2757 1822 3340 1924 ostrogotharumL
3361 1825 3470 1907 qui
3500 1826 3568 1889 in
3597 1826 3770 1889 Pan·
3815 1828 3933 1892 LII
3982 1830 4105 1895 268

2746 1914 2800 1923 „pm
2853 1904 3002 1923 *man-q„

515 1928 705 1992 nonia
751 1928 869 1992 sub
915 1947 1067 2009 roge
1114 1927 1406 1990 Valamir
1450 1927 1715 2009 eiusque
1762 1927 2053 2009 germani
2099 1926 2477 1991 Thiudimer
2522 1933 2584 1991 et
2630 1926 2921 1991 Videmir
2965 1929 3409 2010 morabantur,
3476 1928 3771 2009 quamvis

516 2032 725 2096 divisa
773 2033 932 2112 loca,
987 2030 1253 2094 consilia
1297 2037 1517 2093 tamen
1563 2029 1741 2094 unita
1794 2036 1962 2111 (nam
2011 2030 2312 2094 Valamer
2354 2029 2525 2093 inter
2569 2029 3036 2112 Scarniungam
3082 2037 3146 2095 et
3188 2031 3375 2112 Aqua
3418 2031 3606 2113 nigra
3650 2029 3773 2094 flu-

514 2135 671 2211 vios,
726 2134 1108 2198 Thiudimer
1152 2133 1333 2196 iuxta
1379 2132 1589 2196 lacurn
1620 2132 1889 2212 Pelsois,
1944 2131 2233 2197 Vidimer
2274 2132 2441 2196 inter
2487 2139 2788 2215 utrosque
2831 2133 3226 2212 manebant),
3280 2133 3545 2216 contigit
3588 2153 3765 2215 ergo,

514 2245 583 2303 ut
626 2238 863 2302 Attilae
898 2237 989 2300 fili
1020 2247 1238 2301 contra
1269 2235 1514 2300 Gothos
1559 2235 1745 2316 quasi
1792 2236 2153 2300 desertores
2200 2235 2650 2300 dominationis
2697 2253 2876 2313 suae,
2926 2236 3105 2301 velut
3146 2235 3407 2318 fugacia
3451 2235 3775 2320 mancipia

513 2341 943 2423 requirenteS,
1008 2339 1302 2404 venirent
1353 2338 1726 2421 ignarisque
1772 2338 1919 2402 aliis
1965 2337 2269 2402 fratribus
2315 2359 2510 2421 super
2552 2338 2856 2402 Valamer
2915 2339 3122 2403 solum
3167 2339 3516 2404 inruerent.
3611 2358 3770 2422 quos
3818 2347 3941 2409 269

510 2451 727 2509 tamen
771 2444 884 2508 ille
930 2441 1221 2525 quamvis
1267 2462 1410 2506 cum
1455 2441 1681 2525 paucis
1727 2441 1982 2525 excepit
2027 2441 2264 2524 diuque
2310 2441 2602 2524 fatigatis
2645 2441 2738 2506 ita
2783 2443 3150 2525 prostravit,
3206 2449 3275 2506 ut
3318 2443 3429 2506 vix
3462 2462 3613 2527 pars
3645 2443 3770 2506 ali-

512 2568 640 2629 qua
682 2547 959 2612 hostium
1005 2552 1384 2623 remaneret,
1437 2565 1602 2627 quae
1649 2545 1715 2609 in
1761 2544 1919 2627 fuga
1964 2565 2155 2609 versa
2202 2564 2313 2609 eas
2358 2553 2577 2628 partes
2610 2544 2913 2628 Scythiae
2959 2551 3225 2629 peteret,
3280 2564 3442 2627 quas
3483 2545 3774 2610 Danabri

511 2651 719 2714 amnis
773 2649 1015 2714 fluenta
1060 2655 1552 2732 praetermeant,
1607 2668 1798 2730 quam
1846 2648 2071 2731 lingua
2117 2668 2235 2713 sua
2281 2647 2497 2712 Hunni
2541 2648 2674 2712 Var
2715 2647 3071 2732 appellant.
3166 2668 3241 2713 eo
3286 2669 3564 2730 namque
3606 2656 3772 2714 tem-

510 2773 661 2837 pore
721 2752 805 2817 ad
866 2751 1083 2816 fratris
1128 2750 1527 2815 Thiudimeri
1582 2750 1804 2833 gaudii
1864 2750 2157 2815 nuntium
2203 2751 2472 2829 direxit,
2540 2749 2658 2815 sed
2703 2770 2778 2814 eo
2838 2770 2985 2815 mox
3049 2750 3154 2815 die
3199 2751 3460 2816 nuntius
3506 2752 3773 2816 veniens

682 3031 735 3077 H
756 3030 801 3077 Ρ
834 3030 871 3073 V
892 3031 938 3076 A
968 3028 1008 3075 O
1035 3029 1079 3075 B
1105 3030 1153 3075 X
1181 3030 1248 3086 (Υ
1270 3029 1349 3088 Z).
1430 3027 1557 3076 Rav.
1589 3032 1638 3089 4,
1676 3031 1736 3076 19
1761 3044 1811 3088 p.
1845 3030 1945 3076 918
1981 3028 2047 3075 ad
2071 3044 2119 3076 v.
2154 3027 2245 3078 15:
2286 3030 2339 3075 in
2368 3028 2623 3075 Pannonia
2660 3034 2738 3076 est
2773 3030 2911 3077 lacus
2947 3030 3196 3076 maximus
3234 3031 3323 3091 qui
3347 3029 3532 3078 dicitur
3556 3031 3766 3082 PelsoiS.

511 3118 696 3165 Paulus
735 3118 779 3163 h.
827 3116 886 3163 R.
932 3119 1013 3175 15,
1062 3119 1116 3162 11
1166 3113 1247 3171 (12
1288 3115 1417 3173 Ergo
1453 3140 1523 3148 —-
1564 3112 1624 3162 18
1663 3116 1968 3176 prostravit).
2050 3116 2133 3174 15,
2178 3115 2240 3161 12
2264 3129 2359 3175 seq.
2411 3115 2459 3173 (a
2494 3113 2560 3162 20
2597 3115 2695 3175 eo).

685 3255 707 3303 1
748 3256 1008 3316 petierunt
1049 3251 1090 3298 O
1333 3247 1537 3317 hernac]
1576 3252 1772 3300 hermac
1810 3252 1858 3298 X
1870 3253 1934 3298 Y:
1967 3242 2169 3321 Ἤρνάχ
2203 3251 2340 3312 apud
2378 3251 2605 3300 Priscum
2641 3251 2712 3312 fr.
2753 3254 2820 3300 36
2854 3267 2908 3312 p.
2939 3254 3038 3300 107
3076 3250 3248 3301 Mum.
3487 3250 3682 3320 attilae]
3718 3269 3764 3304 a.

510 3343 637 3404 regis
681 3341 721 3389 O
766 3341 883 3400 (non
908 3340 966 3396 B)
1215 3337 1244 3386 2
1284 3344 1506 3385 extremo
1544 3338 1606 3399 B,
1649 3345 1900 3386 extremas
1938 3339 1998 3400 X,
2043 3338 2281 3385 extremis
2318 3337 2421 3384 AY
2622 3341 2837 3386 minores
2879 3337 2921 3384 O
3130 3335 3414 3407 emnetzur]
3451 3339 3518 3399 Η,
3559 3340 3767 3387 emned-

509 3445 594 3477 zur
629 3429 733 3485 ΡΥ,
786 3440 1025 3474 emnezur
1075 3425 1123 3484 Y,
1176 3426 1465 3472 emmedzur
1501 3426 1563 3484 A,
1617 3439 1870 3472 emmezur
1907 3426 1969 3486 X,
2025 3427 2268 3472 zinneznr
2312 3424 2365 3483 Z,
2420 3425 2712 3473 emnetdzar
2752 3424 2810 3487 O,
2861 3426 3125 3473 emnedzar
3160 3425 3207 3472 Β
3484 3423 3768 3494 ultzindur]

504 3501 875 3574 HPbVAxbr,
922 3514 1140 3560 ultzidur
1178 3512 1276 3569 X‘',
1321 3513 1613 3561 uultzindur
1654 3512 1713 3572 Z,
1756 3511 2028 3558 ultzudur
2068 3509 2167 3568 1²⁴⁸,
2207 3511 2426 3559 uzindur
2472 3511 2561 3558 OB
2841 3507 3227 3577 consanguinei]
3273 3512 3478 3574 ABXY,
3533 3528 3766 3561 cumsan-

503 3602 675 3660 guinei
719 3600 788 3659 O,
848 3601 1119 3647 consannei
1157 3599 1300 3646 HPV
1564 3597 1593 3646 3
1642 3604 1728 3645 uto
1778 3603 1829 3644 et
1875 3598 2030 3645 husco
2078 3598 2306 3658 almoque
2367 3597 2472 3657 YZ,
2533 3604 2619 3644 uto
2666 3603 2719 3644 et
2755 3599 2854 3645 isco
2890 3598 3144 3659 almusqui
3190 3598 3260 3657 Ο,
3319 3605 3406 3647 uto
3445 3606 3496 3648 et
3529 3602 3767 3648 iscalmus

503 3688 592 3749 qui
630 3703 686 3734 ea
724 3687 787 3748 B,
833 3692 889 3734 ut
924 3686 1145 3732 dethisco
1182 3686 1409 3746 almoque
1447 3687 1522 3732 A.-
1566 3686 1923 3743 intellcyuntur
1958 3684 2078 3731 Vtus
2122 3682 2297 3730 Oescus
2334 3684 2514 3731 Almus
2551 3689 2645 3731 tres
2680 3682 2945 3746 affluentes
2977 3684 3205 3732 Danuvii
3237 3686 3314 3732 vel
3346 3688 3515 3747 potius
3548 3685 3766 3734 eiusdem

501 3776 716 3822 nonanis
752 3772 933 3833 oppida
970 3770 1035 3818 od
1072 3774 1195 3818 ostia
1232 3772 1322 3818 illa
1361 3773 1459 3818 tria
1495 3773 1604 3830 sita,
1649 3784 1952 3831 quamquam
1985 3770 2063 3816 Vn·
2096 3771 2284 3817 castelli
2318 3774 2571 3830 praeterea
2607 3773 2792 3818 mentio
2827 3784 2929 3818 non
2962 3774 3206 3831 reperitur
3484 3772 3516 3820 4
3553 3779 3674 3821 tunc
3710 3785 3765 3821 se

506 3861 553 3907 in
593 3873 633 3909 r.
681 3859 968 3919 (romaniam
1008 3856 1097 3903 AB
1113 3857 1171 3918 Y)
1214 3857 1513 3904 dediderunt
1554 3859 1639 3917 (sic
1663 3854 1806 3902 HPA
1824 3856 1870 3917 Y,
1915 3856 2162 3903 dederunt
2199 3855 2346 3917 VOB)
2389 3868 2486 3904 om.
2518 3857 2566 3903 X
2607 3856 2797 3919 (habent
2847 3856 2944 3916 YZ)
3202 3854 3254 3924 e]
3290 3864 3342 3905 et
3382 3858 3424 3906 O
3677 3873 3767 3906 us-

502 3959 599 4008 que
636 3960 730 3994 om.
764 3946 810 3991 A
1019 3945 1407 3991 sacromontissii
1439 3943 1481 3990 O
1689 3938 1954 4007 fossatisii]
1992 3943 2208 3990 fosatisii
2243 3941 2304 4002 B,
2347 3941 2518 3989 fotasii
2563 3942 2605 3988 O
2814 3941 2845 3990 6
2884 3937 2981 4008 eis]
3016 3943 3207 3990 eisdem
3245 3945 3291 3990 A
3502 3944 3528 3991 7
3568 3946 3764 4005 regione

504 4031 643 4079 AOB
888 4027 971 4094 ad]
1008 4036 1064 4077 ut
1101 4030 1191 4076 XZ
1236 4029 1353 4090 (non
1391 4029 1451 4088 Y)
1720 4024 2004 4093 emimonti]
2041 4027 2097 4087 Ρ,
2143 4029 2190 4075 ei
2228 4029 2384 4075 monti
2423 4027 2490 4089 H,
2534 4029 2635 4076 emi
2674 4030 2859 4075 montis
2894 4028 2997 4091 VX,
3037 4028 3170 4077 hemi
3211 4031 3393 4077 montis
3431 4032 3471 4076 A
3486 4029 3585 4089 YZ,
3626 4032 3765 4078 enim

506 4119 685 4165 montis
728 4117 818 4164 OB
1027 4111 1139 4180 sed]
1175 4116 1317 4163 sedet
1343 4115 1389 4162 B
1597 4112 1627 4162 8
1664 4127 1853 4175 pauper
1879 4100 2057 4161 ΑΒΧὁ
2266 4113 2503 4174 nihilque
2540 4110 2862 4179 habundans]
2897 4128 3024 4175 quae
3062 4128 3161 4162 non
3197 4115 3454 4163 habundat
3490 4116 3552 4178 Β,
3596 4117 3763 4164 nullo-

502 4218 599 4266 que
635 4203 891 4251 abundans
928 4204 973 4249 A
1206 4209 1427 4249 armento
1467 4201 1526 4259 B,
1569 4203 1807 4248 armentis
1846 4202 1890 4247 A
2122 4199 2338 4247 diuersis
2376 4200 2519 4247 HPV
2744 4202 2944 4262 pascuis
2982 4201 3028 4246 A
3259 4200 3290 4249 9
3328 4202 3606 4264 siluamque
3652 4204 3693 4250 O

502 4286 770 4354 lignatum]
808 4287 1015 4347 HPVO,
1056 4288 1304 4347 lignorum
1345 4286 1537 4334 ABXY
1775 4282 1974 4351 parum]
2010 4301 2060 4348 p.
2103 4286 2291 4332 habens
2329 4284 2374 4331 Β
2619 4283 3008 4354 citerarumque]
3045 4288 3151 4350 ΗΡ,
3195 4295 3572 4351 ceterarumque
3612 4289 3757 4350 VYZ,

504 4383 878 4437 ceterorumque
918 4376 977 4435 X,
1021 4380 1294 4421 ceterarum
1335 4373 1440 4434 AB,
1484 4379 1755 4420 ceterorum
1798 4371 1840 4417 O
2118 4377 2273 4419 terras
2309 4368 2575 4437 secundas]
2612 4378 2742 4420 terra
2776 4373 2990 4420 secunda
3027 4375 3089 4433 A,
3132 4374 3182 4421 in
3220 4380 3376 4422 terras
3414 4376 3655 4423 fecundas
3698 4375 3758 4438 O,

503 4468 579 4509 est
614 4468 746 4510 terra
782 4461 1000 4510 secunda
1035 4460 1079 4506 Β
1317 4458 1376 4508 10
1414 4460 1537 4507 certi
1576 4454 1768 4524 eorum]
1805 4464 1937 4506 certe
1974 4460 2020 4505 A
2252 4465 2558 4517 cognuscent
2595 4458 2651 4518 P,
2696 4466 3001 4519 cognoscunt
3037 4462 3083 4508 A
3293 4462 3476 4509 uicinis
3512 4462 3632 4509 locis
3675 4463 3764 4523 (lo-

503 4549 570 4595 cis
604 4561 699 4595 om.
731 4547 821 4606 ΑΒ)
867 4547 1057 4594 ΑΒΧΥ
1260 4561 1377 4593 nam
1414 4560 1509 4595 om.
1542 4547 1585 4592 A
1804 4543 1853 4593 11
1901 4546 1935 4592 l.
1977 4545 2182 4591 aluntur
2217 4540 2313 4610 pL]
2352 4546 2419 4606 pl.
2461 4545 2495 4592 l.
2539 4550 2753 4593 utuntur
2791 4547 2834 4592 A
3048 4545 3111 4595 12
3147 4544 3371 4614 agimus]
3407 4550 3574 4607 agitur
3603 4549 3693 4596 OB

502 4641 813 4683 reuertamus
851 4634 894 4680 B
1120 4634 1169 4680 id
1208 4629 1312 4698 est]
1349 4632 1484 4680 idem
1526 4631 1567 4678 O
1793 4631 2189 4691 ostrogothorum
2228 4631 2277 4677 X
2501 4630 2562 4679 13
2601 4632 2857 4680 uulamier
2896 4631 2939 4678 O
3163 4629 3411 4700 germani]
3448 4632 3606 4694 HPV,
3649 4648 3761 4694 ger-

502 4722 661 4768 manis
705 4719 906 4778 ΟΒΧΥ,
948 4732 1178 4778 germano
1215 4720 1260 4765 A
1487 4717 1770 4765 theudimer
1807 4719 1865 4778 X,
1909 4717 2185 4764 theudimir
2234 4717 2331 4774 YZ,
2370 4717 2650 4765 theodemir
2688 4718 2828 4765 AOB
3054 4725 3105 4767 et
3143 4720 3406 4767 uuidemer
3448 4718 3507 4779 O,
3549 4726 3600 4767 et
3637 4722 3759 4768 uui·

501 4806 650 4854 dimit
671 4805 732 4868 Β,
776 4811 827 4852 et
863 4805 1079 4853 uidimer
1104 4806 1164 4865 X,
1207 4810 1260 4852 et
1294 4804 1502 4851 uidimir
1531 4803 1591 4864 Ζ,
1629 4809 1681 4850 et
1710 4803 1953 4850 uindimir
1992 4804 2040 4863 Y,
2082 4818 2175 4851 om.
2208 4802 2397 4850 HPVA
2614 4802 2673 4851 14
2712 4803 2870 4851 diuisi
2896 4805 2997 4852 loco
3023 4804 3068 4851 A
3277 4806 3483 4853 consilio
3508 4806 3693 4853 AXYZ

502 4889 665 4958 unita]
701 4893 833 4940 uniti
874 4893 933 4953 A,
978 4891 1261 4940 habuerunt
1299 4892 1438 4938 nnita
1478 4889 1525 4936 Β
1732 4890 1942 4936 ualamir
1981 4891 2026 4936 A
2234 4889 2594 4949 scarniumgam
2633 4889 2781 4936 HPV
3001 4905 3177 4953 aquam
3216 4892 3408 4950 nigram
3454 4891 3559 4953 OB,
3603 4905 3760 4954 aquae

500 4980 666 5037 nigrae
707 4980 755 5025 X
768 4979 846 5026 YZ
1103 4976 1164 5025 15
1202 4978 1499 5025 theudemer
1537 4977 1597 5035 X,
1640 4975 1913 5023 theudimir
1964 4975 2013 5034 Y,
2056 4976 2303 5024 teudemir
2339 4977 2401 5037 A,
2445 4975 2722 5024 theodemir
2763 4976 2850 5024 OB
3097 4974 3281 5043 lacum]
3317 4978 3481 5025 locum
3521 4976 3615 5037 Λα,
3656 4977 3760 5025 loca

499 5066 633 5112 XYZ
841 5064 1059 5125 pelsodis
1099 5063 1164 5125 B,
1203 5064 1389 5123 pelsoii'
1425 5064 1472 5109 X
1677 5062 1890 5109 uidemir
1926 5063 1972 5108 A
2183 5063 2413 5109 manebat
2450 5060 2643 5109 AOBX
2653 5062 2694 5108 Y
2898 5061 2960 5111 16
2999 5062 3321 5111 dominationi
3358 5063 3404 5111 P
3609 5065 3757 5112 fuca-

500 5153 574 5199 cia
607 5150 766 5213 HPV,
810 5152 1000 5211 sugatis
1041 5149 1082 5196 O
1325 5144 1600 5213 mancipia]
1637 5149 1825 5196 mantia
1865 5146 1907 5193 O
2185 5147 2242 5195 17
2283 5149 2581 5209 ignarasque
2625 5146 2667 5192 O
2908 5148 3120 5197 ualamir
3157 5150 3255 5196 AX
3265 5150 3314 5210 Y,
3358 5150 3605 5197 unalamir
3645 5150 3689 5196 B

497 5238 749 5285 inruerint
791 5236 833 5282 O
1045 5235 1106 5285 18
1145 5237 1376 5296 fatigatos
1415 5235 1509 5281 AB
1729 5232 1789 5281 19
1828 5234 1992 5293 sugam
2033 5234 2179 5280 ABX
2191 5234 2228 5280 Y
2432 5248 2673 5281 conuersa
2709 5235 2755 5280 A
2963 5240 3194 5297 peterent
3233 5235 3323 5281 OB
3530 5230 3759 5301 danabri]

498 5322 564 5384 H,
606 5323 822 5370 danubri
862 5321 1019 5380 PVO,
1059 5323 1267 5369 danubii
1305 5321 1417 5379 AB,
1460 5321 1667 5383 danapri
1705 5320 1842 5367 XYZ
2076 5318 2142 5367 20
2181 5322 2372 5368 amnies
2408 5319 2454 5366 Ρ
2659 5315 2831 5385 quam]
2867 5334 2967 5381 que
3013 5320 3069 5380 O,
3115 5335 3266 5383 quem
3305 5322 3492 5368 AXYZ
3701 5335 3757 5369 eo

498 5405 738 5474 namque]
775 5422 930 5471 eoque
972 5408 1062 5454 OB
1306 5406 1365 5455 21
1410 5403 1496 5472 ad]
1532 5420 1642 5453 cum
1681 5406 1743 5453 ad
1783 5406 1824 5452 B
2057 5408 2235 5453 fratres
2270 5406 2569 5453 thiudimeri
2609 5405 2668 5466 P,
2709 5409 2889 5455 fratres
2927 5407 3232 5455 theodomeri
3275 5406 3334 5470 O,
3374 5409 3578 5456 fratrem
3616 5408 3758 5455 theo·

496 5496 745 5543 demerem
770 5494 831 5552 B,
875 5497 1053 5543 fratres
1090 5496 1195 5553 (om.
1230 5493 1324 5554 th.)
1359 5494 1423 5550 A,
1464 5493 1763 5540 theudimeri
1800 5497 1909 5554 (om.
1938 5493 2024 5550 fr.)
2056 5493 2119 5552 X,
2162 5492 2480 5539 theudimiris
2512 5493 2622 5552 (om.
2656 5493 2739 5552 fr.)
2786 5493 2847 5539 Y:
2888 5493 3180 5541 Thiodimer
3216 5493 3408 5541 Paulus
3638 5508 3759 5554 gau-

495 5578 588 5647 dii]
625 5582 803 5642 gaudia
846 5579 1030 5628 OXYZ
1240 5595 1290 5628 n.
1335 5580 1526 5626 direxit
1562 5573 1674 5644 sed]
1713 5592 1761 5627 n.
1804 5578 2077 5626 direxisset
2118 5577 2227 5637 OB,
2269 5593 2381 5626 cum
2418 5581 2656 5627 nuntium
2694 5580 2964 5627 direxisset
2999 5580 3049 5626 X
3060 5580 3098 5626 Y
3300 5576 3381 5647 eo]
3418 5594 3445 5627 e
3487 5578 3544 5638 Ο,
3588 5587 3640 5627 et
3676 5580 3721 5626 A

3708 5718 3756 5725 -

672 5803 714 5862 1)
758 5806 826 5865 cs.
868 5803 1087 5852 Socrates
1124 5804 1231 5850 hist.
1274 5804 1388 5851 eccl.
1434 5807 1480 5864 4,
1523 5803 1623 5851 33.·
1663 5797 1924 5868 Osiena:
1963 5798 1990 5850 ὁ
2026 5807 2127 5850 τῶν
2165 5796 2373 5851 Γότθων
2413 5799 2690 5857 ἐπίσκοπος
2727 5799 3002 5867 γράμματα
3040 5800 3221 5870 ἐφεῦρε
3259 5797 3497 5853 rotund.
