4882 6775
1186 488 1371 553 LXII
2576 486 3034 543 PROOEMIVM.

1193 712 1484 777 ‘cronica
1525 711 1784 776 Iordani
1828 712 2110 797 episcopi
2154 713 2548 778 Ravennatis
2594 713 2871 779 civitatis
2909 713 3011 795 [cf.
3049 732 3244 797 supra
3273 735 3338 797 p.
3375 713 3555 787 XIII]
3609 712 3690 777 de
3721 712 3964 795 origine
3995 732 4073 777 ac
4101 710 4432 776 vocabulis

1194 833 1441 917 ‘gentis
1488 832 1837 899 Gothorum
1882 832 2098 899 aedita
2139 832 2225 898 ad
2255 832 2610 899 Castalium
2659 841 3041 918 sumptaque
3087 855 3169 900 ex
3212 833 3599 915 auctoribus,
3651 832 3720 897 id
3764 839 3862 898 est
3892 832 4201 898 Senatore
4230 832 4431 895 Abla-

1195 953 1333 1019 ‘bio
1363 953 1580 1018 Prisco
1608 955 1880 1039 Ioscppo
1924 954 2182 1019 Lucano
2226 954 2573 1038 Pomponio
2617 954 2822 1020 Dione
2866 954 3172 1039 Pompeio
3216 955 3428 1037 Trogo
3473 954 3742 1037 Virgilio
3786 952 4054 1018 Dicineo
4085 952 4432 1017 Comosaco

1193 1074 1531 1140 ‘Salmoxe
1561 1076 1768 1140 Zeuta
1796 1074 2137 1159 Deuxippo
2182 1073 2364 1140 Libio
2410 1075 2555 1140 Tito
2599 1075 2821 1140 Orosio
2866 1075 3068 1140 Paulo
3099 1074 3463 1141 Simmacho
3495 1074 3806 1139 Strabone
3837 1073 4130 1139 Cornelio
4162 1071 4432 1138 Claudio

1196 1194 1630 1260 ‘Tholomeo'.
1701 1194 1793 1259 ita
1823 1193 2394 1277 cantabrigiensis,
2433 1195 2850 1279 similiterque
2890 1195 3334 1261 Atrebatensis
3364 1194 3693 1260 Parisinus
3723 1192 4075 1279 Brugensis
4105 1192 4437 1257 Holmien-

1187 1314 1310 1380 sis:
1378 1315 1445 1379 in
1505 1314 1951 1399 compendium
2009 1315 2258 1399 redegit
2305 1315 2738 1381 Berolinensis
2799 1317 2926 1382 sic:
2999 1316 3257 1400 ‘incipit
3299 1315 3571 1400 prefatio
3614 1314 3909 1380 Iordanis
3968 1312 4251 1399 episcopi
4304 1313 4435 1376 Ra-

1195 1435 1525 1501 ‘vennatis
1569 1434 1654 1500 ad
1699 1435 2032 1501 Castulum
2077 1435 2144 1500 in
2187 1435 2456 1501 historia
2486 1436 2886 1501 Gothorum’.
2969 1436 3035 1502 in
3076 1436 3305 1502 iisdem
3352 1435 3556 1517 libris,
3609 1443 3779 1502 certe
3822 1434 3890 1499 in
3919 1430 4433 1515 Cantabrigiensi

1187 1555 1586 1621 Berolinensi
1633 1555 2071 1637 Gandavensi,
2125 1563 2268 1641 post
2313 1557 2675 1622 absolutum
2721 1577 2882 1643 opus
2928 1557 3327 1622 subiciuntur
3378 1555 3669 1622 ‘nomina
3697 1555 3983 1640 gentium
4014 1553 4206 1619 huius
4235 1552 4437 1619 histo-

1193 1676 1390 1742 ‘riae.
1486 1675 1726 1759 Adogit
1775 1727 1788 1739 .
1832 1728 1846 1740 .
1890 1728 1903 1740 .
1957 1676 2319 1742 Olibriones
2365 1677 2657 1758 Rabari',
2712 1684 3015 1763 excerpta
3060 1677 3307 1743 scilicet
3351 1677 3544 1742 simili
3591 1676 3835 1742 ratione
3881 1697 3960 1742 ex
4005 1673 4428 1741 Iordanianis.

1186 1817 1557 1881 00000000
1601 1796 1856 1862 nomine
1901 1797 2063 1862 haec
2108 1797 2355 1863 familia
2398 1797 2733 1864 coniuncta
2779 1804 2894 1878 est,
2949 1798 3121 1881 quod
3152 1797 3379 1863 Getica
3423 1797 3713 1863 Iordanis
3756 1797 3863 1862 1110
3909 1795 4191 1861 medium
4224 1795 4432 1859 locum

1185 1923 1405 1983 tenent
1449 1917 1613 1982 inter
1643 1916 1935 1982 Orosium
1968 1923 2032 1983 et
2060 1918 2355 1983 Ethicum
2402 1918 2513 2001 qui
2556 1917 2968 2003 praecedunt,
3021 1925 3088 1984 et
3128 1918 3523 1984 itinerarium
3556 1916 3861 1983 Antonini
3905 1916 4079 1998 quod
4122 1914 4429 1998 sequitur.

1185 2038 1477 2105 Orosium
1523 2036 1957 2123 praecessisse
2001 2038 2067 2104 in
2112 2037 2520 2104 Atrebatensi
2563 2039 2734 2104 infra
2790 2038 3172 2104 videbimus
3243 2038 3620 2124 praecessit
3674 2038 3828 2104 item
3873 2037 3940 2102 in
3985 2036 4146 2101 libro
4192 2036 4436 2101 Canta-

1181 2159 1513 2244 brigiensi‚
1564 2179 1950 2242 quamquam
1995 2157 2207 2223 Orosii
2253 2160 2619 2244 exemplum
2667 2179 2807 2225 cum
2837 2159 3065 2225 Ethico
3110 2159 3239 2231 iam
3286 2167 3649 2244 separatum
3697 2166 3795 2225 est
3836 2157 4117 2224 numeris
4159 2156 4437 2240 inscrip-

1182 2288 1315 2345 tum
1361 2279 1437 2345 O.
1489 2283 1553 2344 4.
1606 2284 1724 2358 34;
1790 2279 2075 2362 sequitur
2128 2279 2526 2345 itinerarium
2572 2279 2875 2346 deficiens
2934 2281 3002 2344 in
3046 2280 3260 2346 verbis
3317 2285 3454 2345 item
3508 2303 3547 2344 a
3600 2284 3937 2344 Terracina
3995 2299 4061 2364 p.
4113 2281 4196 2342 56
4241 2274 4427 2341 Pind.

1180 2401 1352 2467 idem
1400 2399 1553 2466 ordo
1598 2407 1697 2466 est
1737 2400 1806 2464 in
1851 2399 2286 2483 Berolinensi,
2338 2400 2464 2465 nisi
2509 2400 2679 2482 quod
2720 2400 3114 2467 itinerarium
3160 2402 3242 2466 ab
3288 2421 3364 2466 eo
3408 2401 3593 2466 abest
3661 2400 3763 2483 (cf.
3833 2400 3980 2465 Car.
4044 2399 4229 2463 Pertz
4288 2415 4435 2462 cos-

1181 2542 1382 2605 mogr.
1448 2520 1658 2586 Ethici
1717 2541 1783 2604 p.
1838 2521 1972 2603 75).
2063 2520 2131 2585 in
2176 2520 2536 2586 Holmiensi
2580 2520 2769 2587 hodie
2815 2520 3070 2605 quidem
3117 2521 3351 2587 desunt
3393 2521 3656 2587 Orosius
3712 2528 3776 2587 et
3832 2518 4261 2600 itinerarium,
4315 2517 4435 2582 sed

1180 2650 1250 2707 ut
1290 2642 1473 2706 illum
1518 2647 1827 2726 appareat
1870 2639 2178 2706 adfuisse.
2257 2640 2326 2706 in
2372 2641 2661 2706 Parisino
2704 2641 3032 2726 praecedit
3076 2642 3361 2721 Orosius,
3414 2642 3698 2726 sequitur
3739 2640 4007 2706 historia
4049 2638 4428 2718 Alexandri,

1181 2761 1390 2828 adfuit
1432 2760 1778 2843 aliquando
1807 2761 2096 2826 Ethicus.
2175 2760 2453 2845 denique
2497 2760 2565 2827 in
2594 2762 2911 2845 Brugensi
2955 2763 3287 2848 praecedit
3315 2761 3598 2845 Orosius,
3651 2762 3940 2845 sequitur
3980 2758 4248 2826 historia
4277 2758 4436 2823 Ale-

1180 2882 1433 2948 xandri.
1511 2880 1823 2948 itinerarii
1866 2881 2062 2947 index
2105 2880 2173 2946 in
2216 2880 2316 2946 his
2362 2880 2542 2948 libris
2585 2880 2690 2948 hic
2734 2889 2865 2949 est:
2925 2883 3180 2968 ‘incipit
3223 2883 3619 2951 itinerarium
3650 2882 4118 2968 provinciarum
4149 2878 4436 2945 omnium

1190 3001 1509 3068 ‘antonini
1539 3001 1798 3087 augusti
1837 3002 2148 3087 imprimis
2192 3001 2524 3088 provincia
2566 3002 2815 3086 africe’,
2866 3002 2936 3069 id
2981 3004 3151 3088 quod
3195 3003 3449 3087 adnoto,
3502 3003 3802 3088 quoniam
3847 3003 4074 3069 similis
4101 2998 4434 3084 inscriptio

1182 3130 1282 3189 est
1326 3120 1618 3189 codicum
1661 3122 1972 3188 itinerarii
2017 3122 2306 3205 duorum,
2358 3121 2769 3188 Blandiniani
2802 3123 3256 3191 Gandavensis
3300 3133 3365 3191 et
3406 3124 3589 3191 allati
3622 3146 3704 3191 ex
3735 3123 4015 3206 Morinis,
4071 3122 4153 3188 de
4199 3120 4434 3203 quibus

1177 3244 1487 3311 itinerarii
1534 3242 1812 3310 editores
1856 3241 2095 3309 Pinder
2137 3250 2201 3309 θῖ
2243 3243 2526 3327 Parthey
2567 3244 2773 3328 praef.
2824 3266 2889 3330 p.
2943 3245 3063 3309 XV
3107 3264 3202 3329 sq.
3256 3253 3556 3330 egerunt,
3608 3267 3818 3331 neque
3861 3242 4288 3331 improbabile
4335 3246 4439 3306 est

1179 3364 1463 3432 codicem
1509 3363 1864 3450 principem
1907 3363 2098 3429 huius
2142 3362 2448 3444 familiae,
2504 3384 2692 3449 quem
2735 3364 2904 3432 infra
2947 3365 3309 3434 videbimus
3355 3366 3555 3436 fuisse
3585 3366 3939 3435 Wandonis
3969 3363 4244 3444 abbatia
4298 3368 4432 3428 tam

1177 3486 1247 3551 in
1293 3485 1535 3552 Geticis
1583 3485 1874 3551 Iordanis
1931 3485 2098 3550 hanc
2156 3484 2578 3570 propaginem
2637 3486 2897 3553 dedisse
2955 3508 3144 3571 quam
3201 3488 3508 3556 itinerarii
3566 3497 3804 3556 certam
3864 3487 4176 3554 familiam
4229 3505 4313 3553 ex
4357 3502 4434 3547 eo

1179 3606 1490 3691 originem
1536 3606 1791 3673 ducere.

1349 3727 1582 3793 Hiatus
1624 3727 1775 3792 huic
1817 3726 2121 3793 librorum
2166 3727 2371 3792 ordini
2418 3727 2768 3793 communis
2813 3735 2911 3795 est
2952 3728 3120 3795 inter
3161 3729 3324 3795 alios
3368 3730 3503 3796 hic:

1435 3869 1502 3932 p.
1554 3850 1659 3930 62,
1717 3851 1794 3911 16
1840 3853 1905 3913 θῖ
1946 3854 2128 3913 0οῖοε
2172 3847 2576 3913 nominantur
2620 3848 2902 3914 sclaveni
2948 3871 3063 3914 om.
3115 3854 3262 3913 XYZ

1178 3967 1529 4053 principem
1575 3968 1767 4033 huius
1811 3967 2094 4033 familiae
2140 3990 2179 4030 a
2223 3974 2512 4051 apertam
2557 3968 2862 4034 habuisse
2907 3969 3158 4037 litterae
3217 3993 3260 4032 u
3321 3969 3597 4037 similem
3660 3991 3906 4038 errores
3964 3969 4310 4037 ostendunt
4367 3969 4427 4034 ei

1175 4107 1444 4173 propru:

1673 4229 1840 4289 lectio
1886 4246 2077 4288 vera:
3078 4232 3244 4292 lectio
3289 4240 3584 4312 corrupta
3627 4233 3703 4294 cl.
3756 4234 3858 4294 III
3875 4255 3891 4292 :

1433 4350 1496 4414 p.
1551 4332 1655 4412 69,
1714 4330 1790 4393 12
1836 4333 2043 4394 mater
3194 4330 3262 4397 in
3308 4338 3485 4398 utero

1550 4435 1652 4514 97,
1711 4436 1785 4495 14
1836 4451 2143 4499 000εο100
3201 4435 3486 4502 cessuria

1509 4539 1651 4619 102,
1711 4541 1789 4600 14
1834 4536 2356 4619 gunthamundus
3187 4540 3705 4622 gunthamandus

1512 4643 1655 4724 113,
1708 4644 1788 4703 24
1836 4639 2192 4706 absentiam
3192 4643 3555 4709 absentium

1511 4748 1652 4826 114,
1713 4748 1768 4807 1.
1828 4746 1969 4825 116,
2029 4746 2104 4807 10
2148 4744 2420 4810 ῖο1οε010
3190 4748 3507 4814 tholosum

1175 4865 1328 4930 item
1376 4865 1623 4930 litteras
1667 4886 1704 4926 r
1748 4884 1779 4927 s
1826 4861 2222 4928 simillimas:

1428 5004 1490 5067 p.
1546 4988 1651 5066 90,
1707 4988 1784 5047 12
1830 4983 2081 5049 boiscos
3187 4987 3435 5053 boircos

1511 5089 1653 5170 118,
1716 5090 1788 5149 10
1835 5086 2101 5153 dertona
3184 5090 3492 5157 desetona

1173 5207 1312 5273 sola
1355 5208 1516 5273 11οθ0
1562 5207 1792 5273 classis
1838 5228 2060 5273 verum
2107 5210 2388 5275 servavit
2432 5209 2976 5277 consentientibus
3020 5212 3086 5276 in
3133 5233 3342 5278 errore
3390 5213 3640 5279 duabus
3686 5212 3835 5278 aliis
3881 5213 4039 5278 locis
4082 5213 4212 5277 his:

1893 5349 1968 5409 cl.
2022 5351 2157 5409 ΙΙΙ.·
3237 5354 3311 5414 cl.
3367 5356 3418 5414 I.
3476 5356 3572 5415 ΙΙ.·

1383 5471 1445 5535 p.
1504 5452 1648 5532 108,
1705 5453 1782 5514 10
1829 5455 2107 5514 certatur
3175 5460 3449 5519 testatur

1505 5554 1648 5633 109,
1709 5556 1785 5615 10
1833 5558 2154 5617 certamen
2199 5552 2424 5617 ineunt
3189 5556 3532 5622 certamine

1504 5658 1646 5738 124,
1699 5658 1781 5720 23
1829 5655 2170 5740 copercula
3188 5659 3368 5728 cuius
3414 5659 3658 5728 fercula

1166 5774 1318 5842 item
1365 5774 1891 5844 dissentientibus
1936 5775 2116 5844 aliis:
