4882 6775
1082 485 1200 545 104
2524 474 2886 531 loanAms

750 634 1037 785 ΧΧῙξξζ
1253 669 1424 747 Quid
1469 668 1859 753 plurimum?
1901 667 2200 732 defuncto
2237 665 2473 745 Vallia,
2527 673 2597 731 ut
2639 664 2930 749 superius
2973 663 3146 746 quod
3189 664 3469 728 diximus
3512 671 3899 746 repetamuS,
3954 663 4064 745 qui
4107 683 4331 747 parum

1080 772 1290 838 fuerat
1347 772 1504 837 felix
1566 771 1810 853 Gallis,
1877 769 2348 854 prosperrimus
2409 768 2779 851 feliciorque
2838 767 3281 832 Theodoridus
3344 767 3653 832 successit
3706 766 3774 830 in
3835 787 4070 850 regn0,
4145 767 4333 830 homo

1080 895 1330 940 summa
1388 874 1831 940 moderatione
1888 872 2313 957 composituS,
2378 872 2579 936 animi
2637 872 3041 955 corporisque
3103 870 3377 936 utilitate
3421 870 3779 935 habendus.
3876 878 4097 935 contra
4142 889 4330 953 quem

1078 978 1444 1043 Theodosio
1492 984 1556 1042 et
1598 978 1791 1042 Festo
1838 976 2204 1041 consulibus
2229 977 2265 1056 ¹)
2324 995 2485 1059 pace
2530 982 2718 1059 rupta
2758 974 3026 1038 Romani
3069 974 3321 1038 Hunnis
3365 973 3788 1037 auxiliaribus
3833 993 4051 1038 secum
4094 972 4332 1038 iunctis

1077 1081 1144 1145 in
1205 1079 1438 1144 Galliis
1499 1100 1677 1144 arma
1734 1086 2088 1144 moverunt.
2182 1079 2555 1143 turbaverat
2619 1097 2893 1160 namque
2961 1096 3071 1141 eos
3129 1075 3479 1140 Gothorum
3547 1076 4013 1141 foederatorum
4075 1096 4323 1155 manus,
4373 1099 4398 1136 5

1080 1183 1190 1266 qui
1235 1204 1376 1247 cum
1425 1183 1638 1248 Gaina
1684 1183 1912 1248 comite
1959 1181 2577 1265 Constantinopolim
2623 1180 2981 1246 efferasset.
3056 1180 3339 1275 ..A-etius„-
3362 1199 3516 1261 ergo
3574 1179 3882 1263 patricius
3940 1187 4091 1244 tunc
4142 1199 4334 1262 prae-

1080 1293 1217 1351 erat
1260 1286 1590 1366 militibus,
1645 1286 2129 1350 fortissimorum
2177 1284 2490 1350 Moesium
2537 1284 2735 1368 stirpe
2781 1276 3153 1367 progenitus
3198 1274 3267 1347 in'
3290 1272 3721 1347 Dorostorena
3766 1283 4023 1348 civitate
4070 1304 4109 1347 a
4152 1290 4333 1367 patre

1080 1374 1478 1470 Gaudentio,
1546 1389 1800 1453 labores
1858 1388 2128 1453 bellicos
2186 1388 2503 1468 tolerans,
2571 1387 2663 1451 rei
2722 1385 3020 1470 publicae
3079 1388 3405 1450 Romanae
3466 1385 3879 1468 singulariter
3934 1394 4157 1466 natus,
4226 1387 4332 1469 qui

1080 1493 1425 1576 superbam
1471 1492 1826 1557 Suavorum
1871 1493 2386 1572 Francorumque
2445 1490 2806 1556 barbariem
2867 1489 3198 1555 immensis
3245 1489 3552 1554 caedibus
3598 1489 3837 1554 servire
3882 1491 4170 1554 Romano
4213 1489 4336 1554 im-

921 1599 1035 1660 177
1084 1595 1262 1680 perio
1321 1595 1658 1678 coegisset.
1755 1595 2006 1659 Hunnis
2065 1614 2316 1676 quoque
2373 1593 2731 1658 auxiliariis
2790 1593 3028 1657 Litorio
3086 1592 3386 1657 ductante
3446 1599 3666 1656 contra
3719 1592 3964 1656 Gothos
4009 1593 4334 1657 Romanus
4376 1615 4433 1654 10

1080 1698 1398 1763 exercitus
1443 1698 1642 1762 movit
1684 1698 2096 1781 procinctum,
2151 1696 2386 1779 diuque
2434 1716 2516 1761 ex
2561 1703 2828 1779 utraque
2875 1703 3057 1780 parte
3104 1696 3278 1760 acies
3323 1695 3652 1760 ordinatae
3684 1716 3829 1759 cum
3859 1696 4109 1777 utrique
4140 1694 4334 1761 fortes

1079 1808 1144 1866 et
1200 1809 1427 1866 neuter
1484 1801 1791 1865 infirmior
1849 1808 2053 1881 esset,
2131 1799 2300 1863 datis
2370 1799 2614 1864 dextris
2682 1799 2745 1863 in
2814 1798 3085 1883 pristina
3151 1798 3488 1862 concordia
3546 1796 3906 1877 redierunt,
3979 1798 4333 1883 foedusque

141 1924 196 1996 4¹,
239 1941 532 1995 mmm
564 1925 697 1988 4,
740 1933 861 2023 54⁵1·
918 1904 1403 2073 178Afirmatum
1449 1904 1531 1968 ab
1579 1905 1951 1968 alterutrum
1999 1903 2130 1967 fida
2173 1922 2334 1986 pace
2379 1910 2645 1986 peracta
2687 1901 2955 1967 recessit
2996 1908 3282 1984 uterque.
3379 1922 3507 1983 qua
3567 1921 3726 1986 pace
3770 1902 4004 1985 Attila,
4071 1903 4338 1968 Hunno-

131 2036 274 2099 ,134
295 2036 466 2104 ms„
511 1966 780 2103 „JQFQR
836 2045 934 2089 ;,,,,
1075 2028 1218 2072 rum
1262 2007 1542 2071 omnium
1592 2007 1887 2072 dominus
1933 2014 1996 2070 et
2041 2025 2245 2090 paene
2291 2006 2487 2070 totius
2535 2004 2837 2089 Scythiae
2885 2004 3170 2087 gentium
3217 2005 3391 2068 solus
3435 2003 3504 2068 in
3546 2004 3783 2068 mundo
3828 2011 4160 2087 regnator,
4226 2006 4336 2087 qui

147 2096 460 2195 ussaw)
1057 2112 1218 2179 {ierat
1260 2109 1511 2175 famosa
1556 2110 1723 2174 inter
1769 2129 1990 2174 omnes
2035 2116 2262 2192 gentes
2312 2109 2601 2173 claritate
2647 2108 2985 2173 mirabilis.
3064 2108 3148 2172 ad
3191 2128 3383 2189 quem
3427 2107 3497 2171 in
3541 2108 3865 2190 legatione
3897 2127 3967 2173 se
3999 2108 4265 2173 missum
4298 2130 4336 2172 a
4378 2130 4435 2170 ιε,

211 2208 216 2227 “
1082 2214 1453 2279 Theodosio
1502 2213 1747 2277 iuniore
1793 2213 2050 2276 Priscus
2095 2211 2394 2276 istoricus
2439 2212 2555 2276 tali
2600 2231 2756 2276 voce
2800 2211 2966 2275 inter
3009 2212 3141 2276 alia
3186 2211 3411 2276 refert:
3478 2210 3768 2294 ingentia
3812 2211 3867 2275 si
3913 2211 4172 2294 quidem
4216 2211 4337 2277 flu-

1080 2316 1289 2397 mina,
1360 2315 1428 2379 id
1488 2326 1586 2381 est
1633 2316 1814 2381 Tisia
1874 2316 2247 2398 Tibisiaque
2305 2323 2370 2380 et
2413 2314 2644 2379 Dricca
2702 2314 3086 2379 transientes
3103 2316 3144 2398 2)
3216 2314 3508 2379 venimus
3553 2314 3618 2379 in
3664 2315 3801 2379 loco
3846 2315 3996 2398 illo,
4064 2316 4174 2381 ubi
4218 2315 4339 2380 du-

1082 2419 1233 2484 dum
1280 2419 1584 2501 Vidigoia
1631 2419 1982 2484 Gothorum
2043 2418 2423 2483 fortissimus
2471 2418 2831 2482 Sarmatum
2893 2417 3040 2482 dolo
3099 2418 3425 2497 occubuit3
3494 2416 3773 2500 indeque
3832 2438 3957 2482 non
4018 2419 4211 2501 longe
4254 2418 4339 2483 ad

1078 2522 1326 2602 vicum,
1390 2522 1460 2586 in
1522 2542 1645 2605 quo
1704 2543 1817 2587 rex
1862 2522 2064 2587 Attila
2109 2522 2511 2603 morabatur,
2578 2521 3000 2602 accessimus,
3069 2521 3282 2585 vicum
3339 2520 3598 2603 inquam
3656 2521 3742 2585 ad
3801 2521 4003 2586 instar
4064 2522 4340 2587 civitatis

1081 2625 1542 2710 amplissimae,
1596 2625 1663 2689 in
1707 2645 1831 2707 quo
1879 2625 2095 2708 lignea
2142 2625 2393 2690 moenia
2439 2645 2520 2689 ex
2565 2624 2803 2688 tabulis
2848 2624 3199 2689 nitentibus
3245 2624 3557 2689 fabricata
3599 2624 4018 2708 repperimus,
4071 2645 4337 2708 quarum
4378 2644 4435 2687 20

1081 2748 1389 2813 compago
1435 2728 1526 2792 ita
1573 2727 1846 2792 solidum
1893 2728 2348 2809 mentiebatur,
2417 2734 2488 2792 ut
2547 2727 2652 2791 vix
2714 2727 2796 2791 ab
2854 2727 3102 2791 intentu
3160 2727 3367 2811 possit
3421 2726 3716 2792 iunctura
3774 2728 4136 2793 tabularum
4184 2749 4338 2793 con-

918 2836 1039 2899 179
1085 2829 1534 2915 praehendi³‘].
1630 2831 1883 2895 videres
1943 2830 2223 2895 triclinia
2279 2830 2526 2895 ambitu
2586 2830 2925 2913 prolixiore
2988 2829 3266 2895 distenta
3326 2830 3731 2915 porticusque
3783 2830 3849 2895 in
3894 2831 4063 2895 omni
4111 2831 4338 2897 decore

1260 3194 1381 3241 ΗΡ
1413 3193 1516 3240 VL
1543 3195 1584 3240 A
1611 3192 1648 3240 S
1676 3192 1758 3251 (13
1796 3194 1955 3241 Attila
1991 3219 2060 3227 —
2100 3192 2160 3240 15
2199 3193 2462 3252 mirabilis)
2498 3192 2609 3240 OB
2634 3193 2681 3239 X
2710 3192 2775 3251 (Y
2801 3192 2879 3253 Ζ).
2956 3192 3083 3241 Rav.
3126 3199 3175 3251 4,
3217 3197 3280 3241 14
3314 3207 3368 3252 p.
3408 3185 3510 3239 {204
3545 3192 3611 3240 ad
3646 3209 3695 3241 υ.
3742 3192 3800 3242 17
3850 3197 4011 3242 citans
4049 3194 4338 3242 Iordanem:

1085 3281 1223 3328 Ticis
1260 3281 1449 3328 Tibisia
1485 3281 1654 3328 Drica.

1260 3435 1282 3485 1
1325 3437 1455 3498 quod
1494 3436 1538 3482 Β
1746 3430 1922 3500 uallis]
1960 3435 2115 3496 HPV,
2160 3436 2348 3482 uuallia
2387 3434 2450 3494 L,
2492 3434 2623 3481 ualia
2660 3434 2851 3481 AOBX
2861 3434 2899 3480 Y
3125 3432 3155 3483 2
3193 3435 3359 3494 galliis
3398 3433 3551 3494 XYZ,
3592 3436 3753 3494 gallus
3791 3434 3934 3482 LAB
4142 3437 4344 3486 theodo·

1086 3520 1251 3590 ridus]
1277 3510 1454 3570 HPVb
1486 3523 1675 3584 (-ri***
1715 3519 1804 3577 W)
1836 3521 1945 3580 LX,
1987 3521 2307 3569 theoderidus
2342 3521 2393 3582 Y,
2435 3520 2744 3568 theodoritus
2772 3521 2831 3580 B,
2874 3520 3159 3569 thodericus
3189 3520 3249 3582 Ο,
3290 3521 3545 3569 theoridus
3570 3523 3614 3566 A
3823 3520 3853 3569 3
3890 3519 4173 3587 habendus]
4210 3524 4336 3582 libri,

1085 3609 1345 3658 abundans
1380 3608 1651 3656 Vulcanius
1859 3607 1889 3654 4
1928 3609 2118 3655 romani
2153 3602 2368 3672 hunnis]
2404 3610 2621 3656 romanis
2662 3608 2721 3667 Ο,
2764 3609 2953 3654 romani
2978 3607 3023 3653 Β
3229 3608 3419 3654 hunnis
3453 3622 3550 3655 om.
3582 3606 3627 3653 Β
3833 3609 4219 3657 auxiliatoribus
4255 3610 4300 3656 Χ
4312 3610 4350 3656 Y

1090 3699 1120 3746 5
1158 3697 1304 3756 gallis
1346 3697 1404 3756 O,
1447 3695 1618 3755 gallias
1656 3693 1701 3740 Β
1962 3689 2253 3759 mouerunt]
2290 3700 2553 3741 uerterunt
2596 3695 2674 3741 YZ
2717 3699 2833 3748 (non
2860 3694 2926 3752 Χ)
3176 3695 3510 3741 turbauerunt
3544 3694 3591 3740 Χ
3602 3693 3682 3740 ΥΖ
3926 3709 4141 3756 namque
4176 3709 4270 3745 om.
4301 3696 4343 3742 L

1088 3781 1120 3832 6
1158 3777 1272 3846 qui]
1309 3794 1435 3842 quae
1473 3780 1665 3827 ABXY
1902 3794 2042 3841 gama
2079 3779 2189 3841 XY,
2228 3794 2364 3827 cama
2405 3779 2497 3828 OB
2737 3783 2967 3828 comitem
3009 3780 3051 3827 O
3284 3780 3708 3840 constantinopoli
3746 3779 3842 3826 ΧΥ
4066 3779 4343 3848 efferasset]

1093 3867 1480 3926 HPVLAXYZ,
1521 3864 1801 3914 federssset
1840 3867 1900 3926 Ο,
1942 3880 1995 3914 se
2033 3867 2337 3914 faederasset
2372 3866 2417 3912 Β
2659 3868 2856 3915 aethius
2895 3868 2940 3913 A
3190 3865 3217 3913 7
3255 3868 3534 3928 proienitus
3573 3866 3615 3913 L
3859 3864 4195 3932 dorostorena]
4231 3867 4338 3928 XZ,

1092 3956 1350 4002 dorostena
1394 3952 1446 4011 Y,
1489 3952 1749 4000 dorostons
1784 3951 1946 4011 HPV,
1990 3952 2253 4000 dorostena
2291 3952 2401 4010 LA,
2445 3952 2761 4001 dorustirens
2801 3953 2857 4012 Ο,
2902 3953 3238 4001 dorustirrena
3272 3939 3358 4014 Bb,
3403 3953 3736 4000 donistirrens
3770 3951 3845 3998 B‘
4105 3952 4135 4002 8
4173 3956 4345 4003 tolerat

1093 4038 1138 4085 Β
1379 4051 1608 4085 romanae
1644 4053 1740 4087 om.
1774 4039 1819 4084 A
2062 4037 2094 4086 9
2131 4039 2420 4101 superbiam
2459 4037 2565 4100 LB,
2607 4039 2895 4099 superuiam
2937 4038 2979 4086 O
3221 4034 3515 4105 suanorum]
3552 4037 3903 4096 HPVLXYZ,
3942 4053 4241 4089 suaeuorum
4280 4041 4339 4100 Ο,

1091 4138 1357 4174 suenorum
1385 4123 1479 4170 AB
1685 4120 1972 4189 immensis]
1999 4110 2218 4172 LABXb
2230 4125 2281 4182 Y,
2323 4126 2557 4172 inmessis
2588 4124 2646 4183 Ο,
2686 4126 3020 4173 immensibus
3044 4124 3181 4172 111⁰
3210 4125 3286 4187 (ut
3306 4124 3454 4186 vid),
3494 4126 3809 4173 inmensibus
3838 4126 3926 4172 PV
4136 4125 4198 4175 10
4235 4141 4344 4175 coe·

1091 4212 1167 4271 git
1203 4211 1249 4256 A
1456 4210 1644 4257 littorio
1680 4208 1740 4268 L,
1782 4210 1976 4259 lictorio
2017 4210 2079 4270 A,
2123 4211 2318 4258 lictario
2368 4210 2462 4272 YZ,
2502 4212 2664 4259 litatio
2703 4212 2763 4271 X,
2806 4213 2964 4259 litoris
3005 4211 3063 4272 Ο,
3107 4211 3279 4259 indoro
3315 4211 3359 4257 Β
3567 4211 3787 4259 dictante
3828 4212 3917 4259 OB
4152 4212 4208 4261 11
4251 4226 4346 4274 que

1091 4312 1185 4346 om.
1217 4296 1287 4344 B‘¹
1497 4298 1602 4343 acie
1638 4296 1684 4343 Β
1891 4297 2114 4345 ordinata
2155 4296 2246 4344 OB
2457 4295 2519 4345 12
2556 4298 2859 4345 infirmiores
2896 4298 2984 4346 sed
3022 4297 3083 4357 L,
3124 4297 3331 4345 inferior
3367 4302 3502 4345 esset
3538 4296 3611 4343 A·
3817 4300 4036 4359 pristina
4070 4295 4347 4364 concordia]

1093 4383 1253 4443 HPV,
1295 4384 1561 4445 pristinam
1607 4383 1924 4444 (prinstinam
1967 4381 2053 4444 0⁴¹)
2096 4383 2406 4431 concordiam
2443 4383 2680 4431 LAOBX
2691 4384 2731 4430 Y
2989 4384 3330 4446 f(a)edereque
3368 4385 3561 4432 firmato
3596 4384 3702 4444 AB,
3744 4386 3945 4434 foedere
3982 4387 4175 4434 firmato
4214 4386 4346 4434 XYZ

1097 4467 1159 4517 13
1197 4469 1436 4516 alterutro
1474 4468 1615 4516 AOB
1858 4465 2091 4535 recessit]
2133 4469 2330 4532 OBXY,
2374 4470 2585 4518 secessit
2618 4469 2859 4517 HPVLA
3102 4466 3340 4536 uterque]
3376 4471 3610 4532 interque
3645 4471 3691 4517 Β
3943 4467 4087 4537 pace]
4123 4486 4246 4534 paca
4283 4473 4339 4534 Ο,

1090 4560 1298 4617 pacatur
1335 4555 1378 4601 Β
1661 4553 1723 4602 14
1759 4554 2016 4603 homnium
2057 4554 2099 4603 O
2356 4551 2542 4621 paene]
2577 4554 2631 4601 Η
2665 4556 2739 4603 hic
3000 4558 3117 4604 totis
3155 4556 3240 4604 SO
3505 4558 3560 4604 in
3596 4570 3691 4605 om.
3723 4555 3765 4603 L
4029 4564 4267 4617 regnatur
4305 4557 4345 4605 Ο

1095 4640 1158 4690 15
1195 4640 1258 4688 ad
1295 4636 1468 4706 quem]
1505 4641 1611 4701 AB,
1658 4647 1806 4702 atque
1843 4639 2224 4690 HPVLOXYZ
2433 4642 2682 4702 legatione
2719 4655 2772 4690 se
2810 4638 3046 4708 missum]
3081 4644 3333 4703 legatione
3367 4643 3574 4691 remisso
3604 4642 3665 4704 Ο,
3704 4644 4005 4703 legationem
4040 4645 4280 4692 remissus
4305 4645 4346 4691 B

1100 4726 1161 4776 16
1197 4723 1456 4792 istoricus]
1493 4726 1561 4790 H,
1621 4728 1834 4775 storicus
1876 4727 2028 4787 PVL,
2087 4727 2356 4776 historicus
2392 4727 2633 4776 AOBXY
2910 4727 2968 4776 17
3008 4724 3148 4794 tisis]
3184 4728 3472 4777 HPVLAX
3494 4730 3642 4792 Rau„
3701 4732 3832 4789 tysis
3868 4731 3974 4790 BY,
4032 4732 4201 4790 tysilia
4238 4731 4280 4780 O

1093 4810 1288 4879 tibisia]
1323 4812 1616 4861 HVLOBX
1635 4813 1786 4873 Rau„
1828 4814 2043 4861 tibussia
2069 4813 2126 4874 P,
2170 4815 2360 4862 tibusis
2384 4814 2448 4873 A,
2490 4814 2674 4873 tybisia
2707 4813 2748 4860 Υ
2951 4811 3132 4881 dricca]
3170 4815 3338 4863 dracca
3373 4816 3431 4878 Z,
3474 4815 3653 4864 deseca
3696 4816 3748 4878 Y,
3792 4818 3927 4865 drica
3966 4817 4027 4877 A,
4068 4818 4205 4866 driaa
4237 4816 4279 4864 L

1094 4902 1395 4950 transientes
1440 4901 1776 4959 (transeuntes
1802 4900 1943 4947 ABX
1955 4901 2013 4961 Y)
2065 4937 2076 4950 .
2110 4937 2121 4947 .
2156 4939 2166 4949 .
2213 4898 2277 4949 18
2314 4897 2600 4967 gothorum]
2635 4901 2903 4948 transirum
2937 4900 3112 4950 mediis
3147 4917 3246 4950 om.
3278 4902 3321 4949 Ο
3530 4904 3691 4950 locum
3723 4903 3870 4951 illum
3907 4903 4003 4951 ΒΧ
4012 4905 4063 4964 Υ,
4105 4905 4265 4952 locum
4300 4904 4341 4950 A

1105 4984 1165 5035 18
1202 4987 1421 5035 uidicula
1457 4987 1503 5034 Β
1747 4987 1810 5035 sd
1850 4982 2045 5053 uicum]
2081 5001 2108 5034 a
2145 4988 2256 5035 uico
2297 4985 2339 5032 O
2612 4985 2672 5035 19
2710 4983 2831 5053 quo]
2866 5001 2922 5035 co
2962 4987 3004 5036 Ο
3248 4988 3407 5036 attilia
3446 4988 3488 5036 O
3765 4988 3832 5038 20
3867 5004 4031 5040 moen.
4072 4992 4193 5051 lign.
4236 4992 4280 5039 A

1094 5075 1378 5122 nitentibus
1416 5068 1672 5138 fabricata]
1717 5074 2012 5133 ingentibus
2050 5074 2321 5122 fabrefacta
2356 5073 2498 5121 XYZ
2775 5072 2835 5122 21
2877 5075 3177 5123 metiebatur
3216 5074 3259 5122 O
3536 5072 3764 5142 intentu]
3811 5076 4095 5138 HPVO‘X,
4154 5080 4342 5126 intento

1095 5144 1357 5207 LAol’BY
1559 5166 1729 5220 posset
1765 5158 1858 5205 AB
2067 5159 2329 5221 copraendi
2374 5159 2417 5206 V

1273 5433 1318 5495 1)
1359 5448 1408 5481 a.
1447 5448 1503 5493 p.
1549 5431 1604 5481 C.
1645 5434 1764 5482 439.

1273 5517 1321 5580 2)
1369 5518 1565 5565 Priscus
1589 5517 1660 5577 fr.
1689 5521 1722 5567 8
1754 5520 1800 5580 (4
1824 5534 1876 5579 p.
1908 5521 1974 5568 83
2003 5518 2199 5579 Muell.)
2225 5537 2235 5566 :
2277 5517 2603 5589 ναυσιπόροις
2637 5537 2692 5572 τε
2729 5518 3111 5589 προσεβάλομεν
3149 5525 3424 5588 ποταμοῖς,
3465 5520 3535 5572 ὧν
3562 5520 3610 5573 οἱ
3634 5521 3857 5592 μέγιστοι
3883 5521 4015 5590 μετὰ
4047 5522 4135 5574 τὸν
4163 5513 4346 5590 Ἴστρον

1099 5604 1125 5656 ὅ
1161 5621 1217 5656 τε
1254 5600 1473 5672 Δρήιων
1511 5600 1783 5671 λεγόμενος
1819 5602 1906 5654 καὶ
1944 5601 1969 5655 ὁ
2007 5600 2162 5674 Τίγας
2196 5602 2286 5655 καὶ
2323 5602 2350 5656 ὁ
2387 5601 2618 5674 Τιφήσας
2654 5604 2738 5675 ἦν.
2812 5605 2900 5659 καὶ
2934 5604 3146 5665 τούτους
3182 5607 3275 5675 μὲν
3313 5604 3722 5678 ἐπεραιώθημεν.

1270 5690 1318 5753 3)
1362 5690 1561 5738 Priscus
1597 5692 1631 5740 l.
1674 5705 1716 5739 c.
1754 5705 1807 5750 p.
1850 5693 1946 5739 69.-
2009 5688 2153 5740 ἔνδον
2193 5689 2249 5741 δὲ
2284 5693 2373 5742 τοῦ
2410 5690 2681 5760 περιβόλου
2719 5690 2932 5744 πλεῖστα
2968 5690 3238 5765 ἐτύγχανεν
3277 5692 3556 5762 οἰκήματα,
3594 5692 3659 5744 τὰ
3696 5693 3788 5761 μὲν
3828 5691 3889 5745 ἐκ
3925 5692 4140 5746 σανίδων
4179 5691 4349 5765 ἐγγλύ·

1099 5792 1209 5844 φων
1246 5774 1332 5827 καὶ
1367 5773 1733 5843 ἡρμωσμένων
1772 5774 1844 5833 εἰς
1882 5774 2206 5846 εὐπρέπειαν,
2244 5775 2309 5828 τὰ
2346 5775 2402 5829 δὲ
2440 5777 2500 5829 ἐκ
2537 5777 2701 5830 δοκῶν
2743 5815 2754 5828 .
2786 5817 2797 5829 .
2833 5817 2844 5829 .
2887 5777 3109 5832 ἐνταῦθα
3142 5785 3237 5848 τῆς
3271 5771 3499 5848 Ἀττήλα
3533 5777 3927 5848 ἐνδιαιτωμένης
3963 5785 4208 5850 γαμετῆς.
