4882 6775
2006 491 2308 548 GETICA.
3673 498 3790 559 107
3896 534 3900 538 Δ

535 684 974 767 recoleretque
1003 684 1269 768 proelia,
1322 703 1491 766 quae
1534 684 1728 767 paulo
1777 691 1925 748 ante
1972 691 2188 748 contra
2235 703 2380 747 eum
2427 682 2686 748 fuerant
2730 682 3063 747 concitata.
3160 682 3278 747 sub
3310 683 3509 747 nimia
3476 682 4175 817 feritam-XXXVI}
4164 670 4181 725 '³

536 788 724 887 hemo
739 786 1282 882 jubpflifflnte
1285 807 1522 875 quam
1560 787 1735 861 bella
1793 793 2076 875 gereret
2090 794 2225 852 arte
2271 786 2625 873 pugnabat.
2721 794 2869 851 tunc
2914 786 3407 850 Valentinianus
3450 785 3794 870 imperator

536 890 619 955 ad
664 889 1064 973 Vesegothas
1123 910 1468 972 eorumque
1528 909 1744 972 regem
1792 870 2265 954 Theoderidum
2310 888 2378 953 in
2423 886 2525 953 his
2570 888 2783 954 verbis
2828 888 3217 970 legationem
3264 887 3528 952 direxit:
3606 891 3791 973 ‘pru-
3844 892 3960 954 187

546 992 839 1058 ‘dentiae
885 1001 1136 1058 vestrae
1181 1000 1315 1073 est,
1367 992 1694 1058 fortissimi
1741 992 2057 1074 gentium,
2114 992 2426 1057 adversus
2473 992 2643 1056 orbis
2690 991 3057 1074 conspirare
3103 998 3464 1074 tyrannum,
3519 990 3629 1073 qui
3676 1010 3794 1074 op-

472 1114 498 1153 5
544 1099 670 1161 ‘tat
713 1095 937 1161 mundi
979 1096 1284 1178 generale
1330 1095 1567 1161 habere
1614 1095 1976 1173 servitium,
2046 1094 2156 1178 qui
2203 1114 2434 1159 causas
2478 1094 2705 1179 proelii
2751 1114 2876 1158 non
2921 1093 3219 1176 requirit,
3272 1094 3423 1175 sed,
3476 1093 3793 1176 quidquid

546 1198 999 1281 ‘commiserit,
1063 1199 1184 1265 hoc
1231 1205 1417 1283 putat
1462 1218 1607 1265 esse
1655 1198 2034 1282 legitimum.
2131 1197 2439 1263 ambitum
2502 1217 2687 1262 suum
2746 1197 3007 1262 brachio
3065 1197 3356 1277 metitur,
3425 1197 3793 1280 superbiam

545 1301 835 1367 ‘licentia
881 1302 1103 1373 satiat:
1158 1302 1268 1385 qui
1313 1301 1414 1367 ius
1459 1302 1688 1385 fasque
1736 1308 2171 1380 contemnens,
2222 1300 2469 1366 hostem
2518 1320 2587 1366 se
2634 1300 2895 1365 exhibet
2940 1308 3002 1364 et
3046 1307 3336 1365 naturae.
3427 1307 3793 1365 cunctorum

542 1405 813 1470 ‘etenim
871 1412 1151 1470 meretur
1207 1405 1312 1470 hic
1370 1405 1622 1487 odium,
1686 1405 1797 1488 qui
1844 1405 1909 1469 in
1956 1424 2288 1470 commune
2334 1405 2616 1468 omnium
2663 1423 2732 1468 se
2777 1402 3094 1487 adprobat
3134 1402 3485 1467 inimicum.
3580 1423 3792 1468 recor·
3842 1405 3963 1467 188

543 1508 852 1589 ‘damini,
905 1528 1182 1590 quaeso,
1235 1508 1407 1591 quod
1452 1514 1623 1573 certe
1667 1527 1797 1571 non
1840 1514 2050 1591 potest
2095 1505 2410 1585 oblivisci,
2464 1508 2545 1571 ab
2593 1506 2844 1570 Hunnis
2889 1526 3017 1571 non
3061 1525 3176 1590 per
3219 1506 3413 1586 bella,
3465 1506 3576 1571 ubi
3622 1524 3795 1570 com-

437 1628 495 1669 ιο
542 1611 784 1676 ‘munis
830 1630 1020 1678 casus
1066 1619 1198 1693 est,
1252 1610 1505 1693 fusum,
1560 1610 1709 1689 sed,
1764 1609 1936 1693 quod
1983 1610 2265 1693 graviter
2309 1616 2538 1693 anget,
2592 1608 2846 1673 insidiis
2893 1608 3270 1693 appetitum.
3368 1614 3438 1673 ut
3482 1607 3563 1672 de
3608 1607 3792 1673 nobis
3850 1624 3859 1630 ·

543 1717 929 1795 ‘taceamus,
1001 1714 1269 1799 potestis
1329 1714 1497 1780 hanc
1551 1713 1742 1778 inulti
1802 1712 1968 1778 ferre
2027 1713 2443 1797 superbiam?
2515 1732 2833 1778 armorum
2893 1716 3188 1795 potentes
3246 1710 3459 1776 favete
3520 1710 3796 1796 propriis

541 1816 900 1884 ‘doloribus
956 1824 1021 1883 et
1081 1836 1447 1883 communes
1499 1817 1746 1901 iungite
1793 1836 2043 1882 manuS.
2137 1816 2542 1882 auxiliamini
2588 1817 2782 1881 etiam
2827 1816 2922 1881 rei
2969 1814 3300 1899 publicae,
3369 1815 3548 1879 cuius
3592 1834 3797 1880 mem-

543 1922 758 1985 ‘brum
816 1921 1071 1986 tenetis.
1164 1941 1358 2003 quam
1427 1920 1510 1985 sit
1574 1927 1788 1985 autem
1856 1919 2042 1985 nobis
2109 1919 2475 2004 expetenda
2540 1919 2644 1983 vel
2712 1916 3165 2003 amplexanda·
3215 1916 3519 1997 societas,
3594 1917 3797 1982 hostis

541 2023 965 2107 ‘interrogate
1009 2023 1330 2089 consilia’.
1424 2023 1526 2088 his
1588 2031 1652 2089 et
1712 2022 1948 2088 similia
2006 2022 2206 2106 legati
2253 2022 2693 2087 Valentiniani
2736 2040 2955 2104 regem
3002 2027 3450 2104 permoverunt
3492 2019 3794 2085 Theodo-
3842 2023 3963 2085 189

435 2145 496 2185 1⁵
535 2126 764 2192 ridum.
859 2127 1092 2209 quibus
1136 2127 1248 2191 ille
1292 2125 1656 2211 respondit:
1734 2126 2072 2206 ‘habetis',
2139 2125 2396 2208 inquid,
2473 2124 2810 2207 ‘Romani,
2878 2123 3270 2189 desiderium
3315 2131 3629 2200 vestrum;
3699 2123 3799 2188 fe-

543 2229 753 2296 ‘cistis
819 2230 1084 2295 Attilam
1146 2237 1211 2296 et
1268 2231 1450 2296 nobis
1504 2230 1772 2295 hostem.
1869 2229 2197 2312 sequimur
2254 2229 2436 2293 illum
2495 2248 2895 2311 quocumque
2957 2226 3313 2307 vocaverit,
3380 2234 3445 2291 et
3500 2226 3797 2308 quamvis

543 2331 828 2398 ‘infletur
885 2333 966 2398 de
1025 2332 1298 2399 diversis
1354 2333 1642 2417 gentium
1702 2332 2016 2413 victoriis,
2081 2340 2311 2397 norunt
2370 2337 2587 2397 tamen
2633 2330 2826 2396 Gothi
2886 2329 3231 2413 confligere
3283 2350 3426 2394 cum
3476 2330 3789 2413 superbis.

541 2438 822 2501 ‘nullum
867 2436 1110 2502 bellum
1157 2436 1425 2501 dixerim
1472 2456 1693 2520 grave,
1747 2435 1873 2500 nisi
1918 2435 2090 2517 quod
2135 2454 2334 2500 causa
2380 2434 2708 2514 debilitat,
2762 2433 3022 2516 quando
3066 2433 3156 2497 nil
3202 2433 3381 2497 triste
3426 2439 3641 2517 pavet,
3696 2432 3798 2496 cui

544 2539 882 2605 ‘maiestas
940 2539 1288 2604 adriserit'.
1398 2539 1768 2605 adclamant
1822 2559 2129 2623 responso
2190 2539 2453 2604 comites
2514 2538 2695 2621 duci,
2760 2538 2969 2602 laetus
3026 2536 3314 2619 sequitur
3372 2537 3630 2619 vulgus.
3723 2535 3796 2600 fit
3843 2538 3963 2599 190

433 2658 494 2701 20
534 2642 830 2708 omnibus
886 2642 1167 2708 ambitus
1223 2663 1518 2727 pugnae,
1585 2643 1801 2709 hostes
1857 2642 1987 2707 iam
2034 2642 2251 2707 Hunni
2312 2641 2781 2707 desiderantur.
2879 2639 3246 2724 producitur
3296 2638 3515 2720 itaque
3560 2659 3599 2702 a
3644 2657 3796 2721 rege

534 2745 940 2812 Theodorido
985 2747 1497 2830 Vesegotharum
1541 2745 2031 2812 innumerabilis
2076 2744 2453 2821 multitudo;
2520 2744 2631 2827 qui
2686 2750 2986 2827 quattuor
3036 2742 3203 2807 filios
3250 2741 3420 2806 domi
3468 2741 3788 2822 dimissoS,

534 2848 603 2913 id
661 2855 760 2913 est
804 2849 1248 2915 Friderichum
1309 2858 1374 2915 et
1412 2849 1800 2932 Eurichum,
1867 2849 2253 2914 Retemerim
2313 2856 2378 2913 et
2421 2846 2782 2912 Himnerith
2843 2866 3059 2911 secum
3118 2852 3366 2910 tantum
3410 2844 3798 2909 Thorismud

536 2959 601 3018 et
643 2952 1110 3018 Theodericum
1157 2952 1433 3018 maiores
1477 2960 1633 3018 natu
1680 2952 2026 3038 participes
2072 2952 2313 3017 laboris
2371 2951 2673 3016 adsumit.
2771 2949 2929 3015 felix
2989 2948 3417 3034 procinctum,
3486 2948 3799 3013 auxilium

535 3063 760 3131 tutum,
814 3076 1013 3122 suave
1061 3057 1406 3139 collegium
1450 3057 1691 3122 habere
1739 3055 1981 3122 solacia
2025 3055 2311 3131 illorum,
2368 3056 2604 3137 quibus
2651 3054 2931 3120 delectat
2974 3052 3122 3136 ipsa
3166 3051 3360 3115 etiam
3409 3050 3599 3115 simul
3647 3051 3801 3116 sub-

437 3174 498 3215 25
536 3159 629 3224 ire
691 3158 1082 3225 discrimina.
1179 3179 1219 3223 a
1275 3166 1456 3244 parte
1514 3180 1666 3225 vero
1721 3160 2147 3223 Romanorum
2205 3165 2386 3223 tanta
2445 3157 2698 3242 patricii
2758 3156 2929 3222 Aetii
2998 3154 3399 3240 providentia
3466 3154 3619 3235 suit,
3695 3153 3798 3219 cui
3849 3159 3956 3218 191

709 3489 764 3536 Η
787 3488 832 3535 P
860 3488 965 3535 VL
991 3488 1036 3534 A
1067 3488 1108 3535 Ο
1134 3488 1180 3535 Β
1207 3489 1253 3536 X
1283 3490 1342 3549 (Y
1370 3488 1451 3549 Z).
1529 3488 1720 3536 Paulus
1757 3488 1792 3538 l.
1833 3502 1875 3536 c.
1924 3487 2006 3548 (ad
2046 3485 2107 3536 14
2148 3487 2552 3550 Theodoridum).

712 3643 733 3692 1
776 3644 1138 3704 recolieretque
1174 3644 1367 3705 potelia
1395 3644 1437 3692 O
1645 3649 1762 3691 ante
1786 3643 1938 3705 paulo
1963 3643 2006 3691 L
2216 3644 2494 3690 concitatae
2524 3641 2568 3688 P
2774 3641 2803 3690 2
2843 3642 3094 3689 subtiliter
3118 3639 3161 3687 L
3372 3652 3520 3699 quam
3556 3651 3652 3686 om.
3688 3637 3731 3684 O

535 3735 690 3778 artem
730 3729 773 3776 O
982 3730 1303 3778 ualentianus
1339 3729 1456 3789 ΗΟ,
1498 3742 1592 3777 om.
1627 3730 1673 3776 A
1899 3727 1930 3777 3
1968 3729 2282 3789 uuisigothos
2322 3729 2458 3775 XYZ
2666 3740 2940 3788 eorumque
2976 3740 3145 3792 regem
3183 3724 3529 3773 theoderidum
3573 3723 3801 3784 (theode-

537 3818 704 3864 riaeum
741 3814 829 3877 L‘,
873 3814 1216 3864 theodericum
1254 3801 1390 3876 12⁶0,
1431 3815 1778 3864 theodoridum
1814 3815 1924 3872 ΧΖ,
1966 3815 2302 3863 theodoritum
2344 3814 2428 3874 Β),
2473 3830 2568 3864 om.
2600 3814 2645 3860 A
2913 3813 2946 3861 4
2980 3813 3253 3860 fortissime
3287 3810 3420 3858 VOB
3661 3811 3800 3857 urbis

539 3902 630 3950 OB
838 3902 1144 3964 conspiraret
1181 3900 1291 3962 ΗΡ,
1338 3904 1688 3963 conspirauere
1728 3900 1771 3948 L
1978 3907 2275 3960 tyrrannum
2313 3901 2367 3947 H
2573 3905 2688 3961 opta
2729 3897 2771 3945 Ο
2982 3898 3011 3947 5
3049 3898 3331 3958 generalem
3373 3896 3415 3945 O
3624 3910 3800 3945 causas

535 3989 710 4051 proelii
735 4001 833 4036 non
861 3989 1071 4050 requirit
1101 3987 1342 4048 (requiret
1371 3984 1489 4054 O“)]
1523 3988 1713 4049 praelia
1738 4000 1839 4035 non
1865 3987 2126 4048 reliquerit
2153 3985 2195 4033 L
2370 3982 2645 4052 quidquid]
2681 3984 2890 4044 HPVO,
2930 3985 3173 4046 quicquid
3199 3983 3432 4031 LABXY
3603 3980 3635 4031 6
3673 3997 3805 4031 com-

537 4070 752 4139 miserit]
789 4074 1148 4121 commiserunt
1188 4072 1248 4133 O,
1288 4075 1598 4122 consenserit
1634 4073 1678 4121 L
1884 4072 2061 4120 bachio
2099 4072 2151 4134 V,
2197 4073 2352 4120 bratio
2393 4072 2435 4120 O
2646 4072 2892 4120 mentitur
2930 4069 2975 4116 Β
3220 4069 3247 4117 ’7
3285 4070 3491 4117 licentis
3528 4065 3702 4134 satist]
3736 4069 3803 4116 li-

536 4161 721 4208 centiat
760 4159 852 4208 OB
1079 4173 1132 4206 se
1169 4172 1265 4208 om.
1299 4160 1390 4207 ΧΥ
1612 4165 1666 4207 et
1701 4173 1796 4207 om.
1829 4158 1926 4206 ΒΧ
1935 4158 1973 4204 Υ
1998 4161 2114 4218 (non
2139 4157 2324 4219 Duae.)
2564 4155 2594 4206 8
2631 4157 2712 4204 hic
2747 4170 2842 4205 om.
2878 4157 2923 4203 A
3151 4169 3206 4203 se
3242 4169 3338 4203 om.
3370 4154 3412 4201 L
3622 4154 3802 4215 adpro-

539 4246 716 4307 probst
753 4244 799 4292 P
894 4253 900 4258 “
1004 4243 1035 4293 9
1073 4258 1172 4293 non
1208 4260 1258 4308 p.
1300 4246 1349 4294 b.
1391 4259 1441 4294 u.
1485 4246 1762 4293 communis
1800 4259 1895 4293 om.
1931 4244 2021 4292 OB
2235 4242 2296 4292 10
2332 4240 2528 4310 susum]
2564 4244 2709 4291 fusus
2746 4242 2807 4302 Β,
2848 4243 3021 4290 fusum
3059 4256 3140 4290 me
3175 4242 3349 4289 malim
3559 4237 3802 4306 grauiter]

540 4333 702 4394 grauit
743 4332 844 4393 (sic)
892 4332 938 4378 A
1166 4327 1337 4397 anget]
1375 4330 1586 4393 HPVA,
1628 4336 1815 4392 angent
1851 4330 1908 4392 L,
1952 4332 2092 4390 angit
2131 4330 2286 4390 XYZ,
2329 4331 2432 4392 agit
2474 4329 2564 4378 OB
2786 4325 3006 4394 insidiis]
3042 4329 3141 4378 ins,
3181 4329 3286 4388 agit
3328 4326 3416 4374 OB
3623 4331 3682 4374 ut
3716 4321 3803 4391 de]

543 4417 677 4465 unde
718 4417 807 4464 OB
1045 4415 1100 4465 11
1141 4418 1363 4478 potentis
1405 4417 1512 4478 OB,
1554 4418 1822 4478 potestatis
1861 4417 1965 4474 ΧΥ,
2009 4422 2282 4477 potestates
2322 4417 2363 4463 Z
2590 4415 2771 4463 inultis
2808 4414 2854 4461 Β
3080 4416 3232 4462 ferres
3271 4414 3314 4461 P
3543 4408 3803 4478 potentes]

539 4508 835 4565 postestates
879 4503 981 4563 (sie)
1015 4505 1061 4551 A
1268 4499 1462 4569 fauete]
1500 4503 1693 4551 faueret
1722 4503 1764 4551 O
1975 4498 2211 4568 propriis]
2248 4515 2400 4564 prope
2433 4503 2552 4550 artis
2582 4500 2672 4549 OB
2885 4499 2945 4550 13
2983 4496 3177 4566 autem]
3213 4504 3301 4547 aut
3332 4498 3390 4561 O,
3433 4500 3569 4547 enim
3598 4499 3734 4546 ΧΥΖ

541 4586 647 4656 uel]
681 4596 772 4637 aut
808 4589 857 4636 X
867 4590 906 4636 Y
1108 4586 1293 4655 hostis]
1331 4590 1436 4650 ΧΥ,
1478 4589 1646 4637 hostes
1688 4588 1792 4649 OB,
1835 4588 1924 4636 hos
1961 4588 2168 4647 HPVA,
2210 4588 2303 4636 hoc
2340 4588 2383 4636 L
2596 4586 2657 4635 14
2695 4587 2998 4646 interragate
3032 4585 3079 4632 B
3284 4586 3367 4634 his
3404 4582 3479 4652 et]
3513 4586 3596 4634 his
3632 4592 3684 4633 et
3721 4587 3802 4633 his

539 4676 675 4725 LYZ
712 4679 830 4738 (non
855 4677 904 4724 X
915 4677 928 4737 )
1143 4671 1358 4742 similia]
1393 4677 1654 4724 similibus
1692 4675 1834 4722 ABY
2032 4675 2135 4724 nal.
2177 4687 2344 4734 regem
2389 4674 2533 4734 (regis
2563 4670 2651 4739 L)]
2686 4685 2853 4732 regem
2889 4672 3223 4719 ualentiniani
3258 4670 3303 4717 Β
3509 4684 3804 4734 permonere

540 4764 586 4811 B
836 4758 1211 4828 theodoridum]
1246 4749 1397 4824 HP⁶‚
1439 4761 1782 4810 theoderidum
1822 4759 2002 4808 P‘VX
2013 4747 2098 4820 1Ὗ,
2142 4759 2459 4809 thederidum
2501 4756 2601 4818 X‘,
2644 4758 2985 4807 theodericum
3023 4758 3081 4817 L,
3124 4757 3455 4806 theodoritum
3495 4757 3555 4817 Β,
3597 4757 3803 4806 theodo·

539 4851 632 4897 rito
674 4849 734 4909 Ο,
774 4831 930 4898 theod
961 4849 1007 4895 A
1139 4869 1141 4872 ·
1237 4847 1298 4897 16
1334 4848 1547 4895 attillam
1589 4846 1648 4907 P,
1691 4848 1860 4895 atilam
1905 4847 1947 4894 O
2155 4842 2498 4912 quocumque]
2535 4859 2733 4908 quoque
2774 4845 2816 4893 O
3046 4842 3108 4893 17
3148 4843 3365 4891 diuersis
3401 4840 3653 4910 gentium]
3693 4844 3799 4901 ΧΥ,

541 4936 757 4983 diuersis
794 4935 1029 4995 gentibus
1067 4940 1120 4982 et
1148 4934 1253 4992 OB,
1294 4935 1620 4996 superbarum
1658 4937 1886 4993 gentium
1912 4932 2148 4980 HPVLA
2362 4931 2423 4980 18
2461 4932 2655 4979 bellum
2691 4944 2789 4980 om.
2819 4929 2891 4978 B·
3099 4930 3371 4978 direxerim
3397 4930 3440 4978 L
3650 4926 3804 4996 quod]

542 5036 669 5083 quae
697 5022 743 5068 A
916 5020 1146 5069 delibitat
1169 5020 1215 5067 B
1387 5021 1532 5081 pauit
1562 5019 1743 5068 OXYZ
1914 5019 1997 5068 cui
2022 5014 2168 5084 msi.]
2193 5023 2507 5077 cumagestas
2538 5017 2580 5066 O
2772 5015 2833 5065 19
2871 5016 3014 5064 ducis
3044 5014 3232 5064 OBXY
3400 5017 3587 5064 laetum
3614 5016 3808 5064 AOBY

542 5106 608 5156 20
642 5121 757 5168 rege
791 5106 1081 5155 theoderido
1119 5106 1181 5167 A,
1223 5105 1517 5154 theoderido
1554 5120 1593 5153 r.
1634 5105 1723 5152 VX
1731 5104 1779 5163 Y,
1823 5104 2108 5152 theodorido
2144 5118 2184 5151 r.
2230 5105 2288 5162 Z,
2331 5117 2370 5152 r.
2412 5103 2691 5152 theodorito
2733 5101 2792 5164 O,
2833 5103 3109 5150 theodorito
3144 5116 3186 5151 r.
3229 5102 3272 5149 B
3503 5100 3562 5150 21
3606 5105 3803 5163 uesigo-

539 5194 736 5243 tharum
776 5192 836 5253 L,
877 5192 1275 5251 uuisigothorum
1315 5191 1410 5239 ΧΥ
1629 5185 1928 5255 multitudo]
1969 5192 2222 5238 exercitus
2260 5190 2305 5236 A
2530 5191 2652 5237 filiis
2692 5189 2884 5237 ABXY
3109 5188 3270 5237 domis
3309 5189 3355 5235 A
3580 5189 3804 5238 dimissis

543 5279 784 5329 ΑΟΒΧΥ
1055 5276 1120 5327 22
1158 5278 1448 5326 fridericum
1489 5278 1591 5336 ΧΖ,
1634 5276 1941 5325 friderchum
1975 5276 2027 5336 V,
2071 5276 2306 5325 friderico
2344 5276 2401 5337 B,
2445 5276 2685 5324 frederico
2724 5276 2837 5337 AO,
2881 5276 3181 5324 fredericum
3227 5276 3266 5323 Y
3520 5271 3804 5341 eurichnm]

540 5365 791 5426 HPVLX,
831 5366 1057 5413 enricum
1109 5364 1199 5422 YZ,
1243 5365 1410 5412 eurico
1450 5365 1512 5423 A,
1555 5364 1716 5412 turico
1757 5363 1846 5411 OB
2114 5358 2423 5428 retemerim]
2459 5361 2714 5420 HPVLO,
2758 5363 2992 5410 retemeri
3027 5362 3090 5419 B,
3131 5366 3372 5409 retemere
3412 5362 3473 5419 A,
3515 5363 3802 5409 recemerim

546 5451 681 5500 XYZ
888 5446 1189 5516 himnerith]
1225 5450 1526 5509 HPVXYZ,
1574 5450 1792 5508 ymnerit
1830 5450 1891 5508 A,
1933 5448 2154 5496 hiderich
2195 5445 2284 5507 L‘,
2326 5447 2601 5497 himderich
2644 5434 2724 5506 Lb,
2769 5447 3024 5495 himmerit
3061 5447 3124 5506 B,
3165 5447 3400 5495 himmert
3439 5447 3481 5494 O
3687 5452 3802 5494 tan-

541 5533 674 5604 tum]
710 5543 877 5586 tamen
916 5539 957 5584 A
1194 5530 1497 5601 thorismud]
1534 5534 1740 5594 HPVL,
1781 5534 2019 5582 torismud
2060 5535 2121 5594 A,
2163 5533 2433 5581 thorismod
2476 5533 2581 5594 OB,
2625 5533 2939 5581 thorismund
2977 5533 3026 5580 X
3038 5533 3119 5580 YZ
3363 5532 3427 5581 23
3466 5533 3804 5581 theodoricum

542 5625 588 5672 B
817 5617 1111 5688 participes]
1145 5623 1402 5685 principes
1443 5621 1534 5669 OB
1763 5618 1964 5686 laboris]
2003 5619 2274 5668 VLAOBX
2287 5619 2336 5680 Y,
2377 5620 2573 5668 labores
2608 5619 2708 5666 ΗΡ
2935 5619 3207 5667 adsummit
3246 5618 3289 5665 O
3518 5623 3805 5683 procinctus

543 5711 634 5759 AB
843 5710 1088 5758 auxilium
1126 5704 1320 5774 tutum]
1357 5709 1695 5756 auxiliantum
1726 5706 1817 5753 OB
2024 5705 2090 5754 24
2129 5701 2310 5771 suane]
2348 5718 2504 5753 sueue
2529 5704 2602 5753 B‘
2812 5701 2929 5771 sol.]
2968 5711 3018 5752 et
3056 5705 3144 5753 sol.
3183 5704 3228 5751 B
3435 5702 3645 5773 quibus]
3681 5719 3806 5768 quos

543 5802 638 5849 AX
651 5801 688 5848 Y
891 5799 1043 5849 simul
1079 5813 1173 5848 om.
1205 5798 1248 5846 L
1459 5798 1620 5845 sabire
1657 5796 1737 5844 1²⁶
1979 5795 2044 5844 25
2084 5801 2257 5857 aperte
2291 5795 2332 5840 V
2535 5791 2677 5860 uero]
2714 5797 2823 5843 uiro
2865 5795 2907 5842 O
3115 5793 3239 5842 aecii
3278 5791 3334 5851 P,
3378 5793 3537 5841 aethii
3573 5791 3668 5840 AO

3284 5895 3392 5944 14*
