4882 6775
1904 2059 2351 2099 Pnaxcorvn'rr
2387 2064 2438 2100 A.
2462 2065 2518 2100 U·

1787 2164 1907 2200 1¹11.
1940 2166 2067 2202 Ru..
2100 2168 2267 2207 FEBR.
2301 2172 2614 2209 uncccxlx.

744 3058 993 3123 Nomen
1037 3054 1318 3121 auctoris
1348 3054 1657 3119 Iordanes
1703 3052 1844 3134 fuit,
1897 3073 2045 3117 nam
2089 3020 2182 3117 ita
2226 3073 2372 3118 eum
2417 3055 2709 3138 appellat
2751 3065 2816 3121 et
2860 3056 3146 3122 codicum
3178 3054 3427 3122 familia
3449 3055 3811 3141 primaria¹)

570 3185 635 3244 et
676 3177 788 3261 qui
836 3177 1011 3242 solus
1056 3197 1137 3242 ex
1168 3175 1534 3241 auctoribus
1564 3172 2031 3257 antiquioribus
2066 3166 2210 3238 eum
2242 3173 2507 3256 adlegat
2535 3176 2945 3260 geographus
2976 3179 3354 3243 Ravennas:
3405 3176 3822 3262 posteriorum

571 3299 741 3365 enim
801 3298 1180 3382 scriptorum
1239 3294 1599 3361 testimonio
1658 3315 1740 3360 ex
1796 3293 1880 3357 iis
1934 3292 2096 3377 ipsis
2156 3313 2313 3375 quos
2373 3294 2685 3360 habemus
2739 3295 2920 3361 libris
2964 3297 3361 3362 similibusve
3405 3296 3821 3382 pendentium

568 3440 696 3484 non
741 3419 976 3485 utimur
994 3421 1070 3501 2).
1186 3437 1395 3500 neque
1454 3437 1665 3482 rarum
1712 3436 1791 3481 ea
1849 3421 2064 3480 aetate
2106 3413 2176 3479 id
2220 3434 2450 3480 nomen
2495 3415 2646 3480 fuit:
2715 3437 2865 3481 nam
2909 3418 3002 3483 ita
3044 3419 3451 3483 nominantur
3493 3426 3558 3484 et
3601 3417 3821 3482 consul

568 3539 927 3604 ordinarius
958 3560 1017 3603 a.
1057 3543 1181 3602 470
1203 3541 1246 3618 ²³]
1288 3545 1350 3602 et
1378 3536 1492 3602 alii
1524 3534 1805 3618 quidam,
1844 3555 2110 3616 quorum
2139 3533 2311 3598 tituli
2340 3534 2691 3600 Christiani
2710 3542 2753 3618 ⁴)
2794 3545 3020 3603 actave
3051 3536 3489 3603 ecclesiastica
3507 3541 3547 3620 ⁵)
3590 3556 3822 3602 nomen

571 3664 1009 3724 servaverunt.
1088 3657 1442 3723 Iornandes
1486 3654 1715 3721 dicitur
1758 3654 1825 3719 in
1870 3654 2159 3719 codicum
2206 3653 2455 3719 familia
2498 3656 2783 3721 secunda
2825 3660 2906 3742 (p.
2945 3660 3026 3721 53
3065 3657 3254 3725 inser.
3293 3666 3358 3724 et
3385 3679 3452 3742 p.
3498 3653 3640 3738 126,
3680 3660 3813 3738 24),

570 3778 686 3843 sed
716 3786 786 3844 ut
826 3777 1017 3842 huius
1064 3797 1318 3860 quoque
1361 3773 1846 3858 antiquissimus
1890 3774 2072 3840 testis
2103 3774 2378 3858 epitome
2409 3775 2952 3843 Middlehillensis
2996 3779 3081 3860 (S)
3120 3797 3262 3844 cum
3293 3778 3613 3844 classibus
3644 3776 3821 3842 codi-

568 3918 711 3962 cum
759 3897 1011 3963 duabus
1054 3897 1202 3962 aliis
1247 3904 1406 3976 stet,
1474 3915 1593 3961 nee
1650 3901 1822 3960 recte
1867 3894 2099 3959 mendo
2146 3915 2226 3960 ex
2271 3895 2673 3962 librariorum
2719 3897 2965 3962 incuria
3008 3905 3143 3964 orto
3189 3898 3404 3963 Iacobi
3449 3897 3810 3980 Grimmiiss)

572 4057 729 4064 ———
974 4058 1147 4063 —um
1170 4058 1387 4063 ——

744 4158 786 4216 l)
827 4159 1030 4206 liabent
1077 4173 1128 4219 p.
1176 4157 1292 4219 126,
1338 4157 1403 4206 24
1453 4155 1720 4204 Iov-demnis
1770 4157 1873 4216 ΗΡ,
1927 4156 2154 4203 Iordanis
2202 4156 2474 4204 deteriores
2520 4172 2636 4206 casu
2683 4160 2867 4220 prim03
2927 4159 3156 4207 Iordanis
3182 4150 3318 4207 'casu
3365 4160 3582 4208 secundo
3629 4162 3686 4207 in
3733 4161 3816 4206 in-

567 4245 839 4306 scriptione
888 4245 1222 4292 Romanornm
1268 4258 1319 4306 p.
1366 4243 1424 4304 1,
1479 4242 1499 4291 1
1554 4249 1605 4290 et
1652 4242 1939 4290 Geticorum
1992 4256 2045 4302 p.
2100 4242 2164 4290 53
2217 4249 2269 4290 et
2312 4243 2367 4291 in
2413 4243 2588 4291 horum
2635 4245 3003 4307 subscriptione
3050 4246 3355 4307 quicumque
3405 4258 3587 4294 nomen
3633 4245 3819 4293 habent

565 4330 783 4377 melioris
822 4331 1038 4377 familiae
1073 4331 1206 4378 libri.
1244 4342 1250 4349 ·
1283 4335 1454 4377 auctor
1499 4333 1559 4377 ut
1602 4328 1831 4376 Iordanes
1879 4329 2182 4390 appelletur,
2237 4329 2451 4390 requirit
2499 4330 2841 4392 grammatica3
2896 4329 3123 4378 Iordanis
3170 4337 3338 4380 tamen
3375 4335 3429 4379 et
3463 4330 3546 4379 hic
3579 4332 3633 4378 in
3669 4331 3816 4378 libris

566 4422 646 4463 est
680 4421 733 4463 et
768 4416 997 4464 similiter
1027 4417 1268 4464 scribitur
1303 4416 1372 4462 ibi
1410 4414 1666 4477 Heraclia,
1718 4413 1950 4474 Epifanis
2000 4421 2053 4462 et
2097 4415 2170 4462 sic
2218 4428 2359 4475 porro
2405 4429 2520 4463 cum
2566 4416 2793 4463 itacismo
2830 4422 2939 4464 tum
2977 4421 3036 4464 ut
3072 4418 3290 4477 vulgari,
3343 4418 3414 4465 ita
3450 4430 3550 4465 non
3584 4425 3810 4478 recepto:

565 4503 715 4549 immo
752 4508 946 4550 constat
980 4516 1039 4550 ea
1073 4507 1237 4549 aetate
1274 4506 1544 4561 utrumque
1582 4502 1635 4547 in
1674 4514 1768 4547 usu
1806 4500 1983 4550 fuisse.
2058 4501 2128 4548 ita
2166 4501 2360 4560 tegulae
2397 4507 2575 4549 extant
2611 4501 2669 4550 C.
2711 4503 2752 4549 1.
2797 4503 2853 4550 1..
2896 4502 2972 4563 X,
3017 4502 3168 4564 8045,
3214 4502 3276 4551 14
3311 4503 3584 4564 inscriptae
3621 4504 3694 4549 vir
3729 4516 3814 4549 ex-

563 4588 933 4635 cellentissimus
972 4587 1140 4634 ,Vanis
1176 4585 1311 4646 fecit,
1354 4601 1466 4634 cum
1507 4587 1683 4634 Nan-m
1719 4587 1785 4634 sit
1821 4586 1875 4634 in
1912 4587 2061 4634 titulo
2099 4589 2269 4648 pontis
2304 4587 2482 4635 urbani
2518 4588 2592 4636 ib.
2634 4586 2730 4636 vol.
2773 4588 2842 4635 VI
2881 4603 2933 4637 n.
2979 4587 3139 4649 11993
3180 4588 3413 4636 similiter
3445 4588 3698 4635 alternant
3734 4588 3820 4634 Io-

563 4673 749 4720 hannes
796 4679 849 4722 et
895 4672 1132 4721 Iohannis
1173 4673 1373 4734 aliaque
1423 4672 1657 4720 vocabula
1708 4674 1770 4730 (v.
1813 4671 2149 4732 Schuchardt,
2202 4672 2507 4720 Vokalismus
2543 4672 2626 4721 des
2678 4674 3038 4733 Vulqarlateim
3079 4674 3124 4733 1,
3168 4672 3282 4723 229.
3338 4675 3388 4732 3,
3434 4672 3570 4734 112).
3646 4674 3816 4733 itaque

563 4773 677 4806 cum
715 4759 796 4806 vel
831 4772 889 4806 eo
926 4766 1147 4819 tempore
1182 4759 1364 4807 litteris
1402 4759 1721 4819 aliquatenus
1758 4759 1937 4806 imbuti
1976 4772 2140 4806 veram
2175 4759 2383 4806 formam
2422 4760 2725 4807 retinuerint
2766 4766 2992 4822 corrupta
3026 4761 3239 4819 reiecta,
3281 4772 3379 4808 non
3417 4758 3691 4820 perspicio,
3731 4772 3820 4806 cur

564 4846 866 4893 barbarismo
903 4858 1000 4892 non
1038 4853 1239 4906 recepta
1274 4846 1564 4893 auctoritate
1602 4846 1791 4892 firmato
1827 4851 2056 4893 nostrum
2093 4858 2371 4893 sermonem
2410 4846 2521 4894 sine
2557 4845 2661 4894 ulla
2697 4846 2917 4894 utilitate
2953 4859 3269 4894 exornemus.

735 4931 784 4991 2)
827 4930 982 4979 Medii
1019 4932 1128 4979 aevi
1166 4932 1453 4980 auctoribus
1491 4944 1588 4979 non
1625 4931 1851 4979 innotuit
1887 4932 1987 4978 nisi
2027 4932 2121 4979 sub
2158 4931 2359 4979 nomine
2395 4932 2653 4992 Iordanis,
2696 4933 2935 4980 nimirum
2975 4931 3278 4980 widukindo
3319 4932 3372 4991 (l.
3407 4929 3429 4978 1
3471 4945 3514 4979 c.
3549 4929 3610 4978 18
3647 4930 3717 4979 M.
3749 4930 3810 4979 G.

564 5019 652 5068 SS.
697 5019 749 5078 3,
789 5016 932 5078 425),
986 5017 1224 5075 Herigero
1265 5017 1526 5076 Lobiensi,
1580 5017 1865 5065 Hermanno
1901 5019 2162 5066 contracto
2198 5018 2473 5078 Augiensi,
2525 5018 2776 5079 Mariam,
2833 5018 3153 5078 Ekkehardo‚
3207 5017 3476 5073 Bernoldo,
3533 5017 3808 5076 Sigeberto‚

562 5103 764 5164 Hugoni
804 5104 1170 5152 Flaviniacensi
1210 5103 1288 5162 (cs.
1328 5101 1461 5151 Mon.
1503 5102 1670 5153 Germ.
1711 5101 1799 5152 SS.
1842 5103 1962 5150 v111
1999 5118 2050 5164 p.
2094 5102 2193 5151 313
2231 5110 2336 5153 not.
2376 5103 2462 5165 α’,
2505 5105 2626 5152 item
2663 5118 2714 5165 p.
2757 5102 2898 5165 315),
2939 5103 3218 5152 Godefredo
3255 5104 3581 5152 viterbiensi.

734 5189 781 5250 3)
824 5190 1153 5238 Rettulerunt
1186 5189 1249 5237 de
1285 5202 1343 5237 eo
1379 5190 1481 5236 filio
1519 5188 1753 5237 Iohannis
1793 5188 2006 5236 Vandali
2046 5189 2292 5237 Iohannes
2330 5189 2676 5238 Antiochenus
2714 5190 2776 5237 sr.
2819 5188 2938 5240 206.
2979 5188 3078 5238 208
3135 5188 3183 5252 (4
3218 5204 3268 5252 p.
3310 5189 3428 5238 616.
3470 5189 3569 5238 617
3607 5187 3805 5250 Muell.)

563 5280 617 5323 et
652 5275 979 5337 Theophanes
1016 5277 1038 5323 1
1075 5290 1126 5338 p.
1160 5274 1257 5323 160
1294 5276 1375 5324 ed.
1420 5276 1577 5323 Bonn.
1600 5312 1612 5336 ‚
1664 5288 1759 5322 nec
1807 5275 2021 5323 fortasse
2069 5274 2299 5324 diversus
2349 5281 2427 5324 est
2462 5276 2699 5324 Iordanes
2747 5277 2792 5324 is
2839 5276 2986 5324 cuins
3032 5263 3263 5323 mem'init
3299 5274 3662 5324 Constantinus
3699 5274 3818 5321 Por-

560 5361 966 5424 phyrogennetus
1003 5361 1065 5408 de
1101 5360 1259 5410 them.
1296 5376 1348 5424 p.
1383 5361 1445 5409 15
1483 5362 1667 5421 Bonn.,
1708 5375 1823 5410 cum
1859 5367 1912 5409 et
1948 5363 2054 5423 ipse
2091 5363 2378 5423 appelletur
2413 5362 2654 5422 magister
2692 5362 2910 5410 militum
2946 5376 3037 5425 per
3070 5362 3344 5410 Orientem.

733 5446 780 5500 4>
825 5445 955 5496 Mur.
1001 5446 1150 5506 1972,
1197 5448 1289 5496 10:
1330 5449 1404 5495 hic
1435 5450 1627 5508 positus
1664 5451 1735 5496 cst
1774 5446 2024 5495 Iordanis.

734 5533 782 5592 5)
826 5533 955 5581 Vide
990 5533 1122 5581 iutra
1157 5547 1206 5595 p.
1250 5534 1396 5582 XIII.
1435 5540 1577 5582 extat
1614 5535 1735 5582 item
1772 5534 1874 5581 Nili
1910 5535 2125 5582 auctoris
2162 5547 2292 5583 saec.
2327 5534 2401 5582 IV
2438 5535 2656 5597 epistula
2701 5535 2766 5594 (3,
2800 5534 2895 5584 127
2925 5536 3006 5586 ed.
3037 5535 3216 5584 Leonis
3241 5533 3414 5582 Allatii
3437 5532 3621 5580 Romae
3651 5530 3808 5593 1668)

582 5621 804 5682 nscripta
837 5612 1070 5685 Ἰορδάνῃ
1108 5615 1348 5684 διακόνῳ.

733 5706 783 5766 6)
826 5704 1221 5766 Αὺὴαηάὶαηρεη
1256 5705 1343 5754 der
1379 5706 1509 5755 Ber-l.
1551 5705 1817 5756 Akadenu’c
1857 5705 1988 5755 1846
2024 5720 2077 5768 p.
2109 5705 2276 5755 1-59
2313 5727 2376 5749 =
2413 5707 2574 5756 klcine
2611 5706 2853 5768 Schriften
2889 5706 2937 5770 3,
2979 5706 3266 5756 171-235.
3343 5705 3649 5766 Diphlhonye
3683 5704 3808 5751 nach

559 5791 948 5853 wcqyefallenen
987 5790 1334 5840 consonanter:
1378 5791 1500 5850 (acta
1536 5793 1673 5843 acad.
1716 5792 1874 5842 Berol.
1918 5808 1963 5841 a.
2009 5791 2160 5854 1845)
2202 5808 2251 5856 p.
2284 5791 2400 5843 231.

3840 3063 4050 3105 Auctoris
4080 3075 4235 3105 nomen

3840 3118 3887 3157 et
3916 3116 4118 3157 condicio
