4882 6775
1737 1809 2606 1942 INDICES.

2020 2103 2113 2117 'Nax-'N
2124 2103 2327 2117 XXX-&Naxi

1512 2302 1575 2397 Ι.
1650 2300 2005 2397 INDEX
2068 2300 2841 2398 PERSONARVM.

721 2535 971 2588 Iudicem
1009 2549 1376 2602 personarum
1414 2534 1496 2586 ita
1533 2532 1953 2593 adornavimus,
1996 2538 2061 2586 ut
2095 2532 2335 2600 primum
2374 2538 2837 2587 enumerarentur
2872 2549 2997 2587 cum
3034 2535 3404 2600 imperatores
3429 2532 3806 2586 Romanorum

546 2626 663 2674 tum
700 2618 889 2673 Amali
938 2634 1210 2688 regesque
1248 2618 1698 2686 vesegotharum
1748 2619 2055 2672 secundum
2105 2620 2373 2685 temporis
2419 2620 2708 2684 ordinem,
2765 2619 2971 2673 deinde
3020 2621 3243 2673 nomina
3278 2622 3464 2673 omnia
3499 2621 3807 2673 secundum

547 2706 910 2774 alphabetum
937 2706 1172 2759 remisso
1197 2706 1426 2766 lectore,
1472 2710 1750 2774 quatenus
1774 2705 2130 2773 perveniunt,
2173 2706 2245 2758 ad
2273 2705 2492 2758 indices
2519 2705 2915 2773 imperatorum
2941 2722 3265 2776 regumque.
3319 2710 3627 2769 auctorum,
3669 2722 3811 2775 quos

546 2794 778 2861 adlegat
814 2790 1115 2856 iordanes,
1171 2791 1395 2845 nomina
1433 2791 1792 2845 distinximus
1829 2790 2143 2858 praemisso
2180 2792 2462 2846 vocabulo
2498 2795 2740 2856 ciuntur&
2813 2793 2872 2846 in
2909 2793 3303 2848 adscribendis
3340 2793 3481 2847 locis
3518 2799 3811 2847 auctorum

546 2880 913 2949 reliquorum,
968 2878 1063 2947 qui
1112 2878 1185 2931 dc
1233 2878 1433 2931 iisdem
1481 2877 1739 2944 personis
1785 2881 2059 2938 tractant,
2117 2892 2218 2943 pro
2265 2893 2323 2930 re
2361 2878 2592 2932 diversa
2628 2879 2810 2931 secuti
2848 2894 3056 2932 sumus.
3132 2881 3367 2946 primum
3407 2896 3550 2949 quac
3586 2879 3810 2933 nomina

547 2966 817 3019 Iordanes
854 2965 1094 3031 sumpsit
1131 2977 1201 3017 ex
1239 2964 1404 3017 libris
1441 2964 1537 3032 qui
1574 2967 1879 3029 supersunt
1914 2962 2268 3032 Hieronymi,
2322 2963 2506 3028 Flori,
2560 2964 2719 3026 Rufi,
2775 2964 3087 3029 Ammiani,
3139 2965 3451 3019 Marcellini
3496 2967 3718 3020 comitis
3754 2972 3814 3020 et

547 3054 629 3107 sic
665 3052 938 3119 deinceps
974 3052 1125 3105 nude
1163 3047 1374 3104 referre
1414 3050 1554 3103 satis
1592 3048 1919 3111 habuimus;
1961 3052 2161 3101 auctor
2197 3048 2344 3101 enim
2380 3048 2556 3102 infimi
2595 3050 2811 3104 ordinis
2848 3055 2907 3104 et
2942 3051 3309 3119 perturbatus
3348 3057 3502 3106 totus
3537 3069 3647 3106 non
3685 3053 3812 3120 dig-

450 3149 476 3163 *
547 3155 652 3193 nus
694 3142 811 3200 est,
866 3138 922 3191 in
961 3152 1070 3207 quo
1111 3153 1178 3191 ea
1215 3137 1605 3203 expendantur
1642 3150 1786 3204 quae
1824 3134 2001 3188 traxit
2037 3150 2106 3187 ex
2144 3135 2520 3202 scriptoribus
2557 3135 2740 3188 adhuc
2779 3138 3038 3191 servatis
3117 3138 3326 3191 deinde
3371 3154 3514 3207 quae
3562 3155 3665 3207 per
3707 3139 3813 3192 ad-

546 3225 859 3291 legationes
896 3228 1051 3277 recte
1092 3223 1362 3276 illustrari
1400 3237 1508 3274 non
1543 3225 1782 3288 possunt
1819 3221 2078 3274 similiter
2113 3222 2623 3287 praetermisimus:
2677 3220 2891 3275 Alarici
2931 3224 3107 3283 enim,
3159 3221 3406 3285 Attilae,
3447 3225 3806 3288 Theoderici,

543 3310 842 3365 Iustiniani
891 3326 981 3365 res
1030 3313 1226 3377 gestae
1278 3325 1347 3361 ex
1398 3308 1674 3362 eiusmodi
1723 3307 1910 3360 indice
1958 3307 2075 3374 peti
2126 3322 2230 3359 nec
2278 3312 2520 3373 possunt
2566 3323 2668 3360 nec
2717 3308 2947 3363 debent.
3036 3310 3120 3363 ita
3168 3325 3313 3379 quae
3362 3310 3655 3364 restabant
3701 3326 3813 3363 non

547 3399 721 3450 multa
770 3412 837 3450 eo
887 3397 1124 3450 consilio
1170 3394 1445 3456 tractavi,
1497 3398 1560 3447 ut
1608 3409 1677 3447 cx
1727 3394 2016 3460 adscripta
2067 3394 2369 3447 eorundem
2420 3394 2702 3448 hominum
2751 3396 2956 3449 notitia
2993 3396 3220 3450 aliunde
3257 3397 3440 3463 petita
3476 3397 3814 3450 Iordaniana

547 3499 657 3554 quo
693 3484 1012 3550 pertineant
1049 3483 1188 3536 satis
1225 3482 1630 3550 perciperetur.
1670 3509 1739 3516 —
1775 3479 2018 3534 Gothica
2052 3480 2275 3548 aliaque
2302 3479 2548 3533 barbara
2572 3482 2797 3534 nomina
2823 3482 3112 3548 complura
3136 3484 3287 3549 apud
3316 3484 3494 3536 solum
3520 3484 3815 3536 Iordanem

545 3571 777 3624 inventa
814 3569 1099 3636 explicare
1137 3573 1199 3620 ut
1240 3583 1421 3621 meum
1459 3581 1571 3620 non
1610 3563 1743 3629 fuit,
1799 3567 1880 3618 ita
1926 3567 2145 3632 collega
2185 3565 2419 3619 Carolus
2457 3566 2824 3620 Muellenhoff
2862 3583 2929 3621 ea
2966 3583 3077 3636 qua
3113 3568 3345 3622 excellit
3380 3585 3563 3622 rerum
3602 3569 3814 3636 lingua-

549 3671 779 3725 rumque
817 3656 1021 3709 notitia
1059 3653 1338 3709 vocabula
1375 3653 1710 3706 Iordaniana
1748 3649 1992 3716 Gothica
2026 3652 2298 3720 pleraque
2336 3652 2663 3707 illustravit.

3777 2457 3806 2465 ο

1638 3891 2277 3975 IMPERATORES
2342 3891 2725 3976 ROMANI.

549 4072 771 4132 Augusti
808 4069 840 4119 9
868 4079 947 4119 30.
994 4068 1082 4117 121
1119 4079 1166 4118 8.
2211 4068 2479 4114 Cnavmvs
2524 4069 2589 4127 (a.
2631 4067 2850 4130 41—54)
2890 4068 2956 4117 29
2990 4078 3068 4119 14.
3109 4070 3174 4117 33
3204 4080 3284 4120 36.
3329 4069 3392 4118 34
3427 4080 3469 4119 1.

551 4158 608 4206 G.
649 4159 825 4204 Ivmvs
863 4157 1078 4204 Cassan
1113 4154 1323 4203 dictator
1362 4157 1496 4213 (ante
1531 4153 1641 4201 Chr.
1672 4151 1919 4214 49—44).
2210 4153 2356 4200 Nmm
2396 4153 2463 4213 (α.
2507 4153 2727 4210 54—68)
2772 4154 2836 4203 34
2868 4164 2913 4204 7.

621 4226 776 4274 Gaius
812 4226 976 4272 Iulius
1015 4224 1193 4272 Caesar
1229 4223 1292 4271 32
1322 4231 1404 4272 25.
2209 4240 2391 4286 GALBA
2437 4241 2501 4298 (a⁸
2543 4238 2627 4289 68·
2669 4240 2749 4298 69)
2794 4241 2857 4288 34
2894 4249 2972 4291 14.

622 4296 784 4343 Iulius
821 4293 1000 4342 Caesar
1036 4292 1101 4341 34
1134 4302 1175 4340 1.
1222 4291 1286 4340 56
1316 4301 1361 4340 7.

620 4365 800 4412 Caesar
837 4361 902 4410 32
932 4371 1014 4411 28.
1059 4361 1122 4408 73
1156 4372 1233 4410 13.

456 4419 463 4426 .
550 4452 830 4498 Avovsrvs
875 4450 1005 4510 (ante
1051 4448 1161 4496 Chr.
1203 4446 1267 4494 44
1304 4473 1374 4482 -
1406 4461 1457 4507 p.
1506 4445 1615 4493 Chr.
1662 4444 1765 4506 14).

2209 4324 2355 4373 O‘rno
2397 4325 2467 4385 (a.
2509 4324 2594 4385 69)
2636 4323 2812 4376 3415.

2210 4411 2499 4457 ernnmvs
2541 4413 2607 4471 (α.
2652 4410 2732 4472 69)
2775 4411 2950 4461 3415.

621 4520 923 4566 Octavianus
961 4519 1224 4578 Augustus
1262 4515 1440 4563 0⁸33„
1481 4514 1502 4563 1
1538 4523 1616 4563 20.
2211 4499 2576 4543 VBsPAsxaxvs
2618 4497 2686 4558 (a.
2728 4497 2949 4558 69—79)
2991 4498 3055 4546 34
3090 4508 3166 4548 17.
3201 4507 3279 4549 20.
3316 4508 3398 4549 25.

620 4590 885 4646 Augustus
924 4586 1101 4634 Caesar
1137 4586 1442 4633 Octavianus
1479 4583 1541 4630 33
1576 4593 1655 4632 13.
2211 4592 2368 4638 Trrvs
2412 4593 2477 4653 (a.
2521 4590 2764 4648 79-81).

621 4656 923 4705 Octavianus
959 4657 1219 4715 Augustus
1257 4653 1320 4701 32
1351 4662 1431 4701 28.
1474 4652 1539 4700 44
1568 4660 1650 4701 22.
1698 4652 1793 4700 120
1828 4661 1903 4700 12.
2280 4661 2428 4707 Titus
2469 4661 2806 4720 Vespasianus
2844 4660 2907 4708 34
2937 4669 3014 4710 20.

625 4727 885 4784 Augustus
924 4726 1011 4785 qui
1050 4729 1101 4770 et
1137 4723 1442 4770 Octavianus
1480 4721 1511 4768 9
1541 4732 1621 4770 30.
1708 4723 1973 4781 Augustus
2009 4723 2156 4770 Octa·
2281 4730 2427 4776 Titus
2466 4728 2532 4776 34
2564 4738 2641 4777 18.
2675 4738 2755 4777 25.

690 4795 869 4840 νίψω)
909 4792 931 4841 ¹
968 4803 1046 4842 ¹⁰·
1089 4792 1119 4840 9
1149 4800 1232 4842 2⁵·
1274 4790 1333 4839 3¹
1370 4800 1473 4882 ²²?ss
1576 4861 1585 4874 ,
2209 4817 2548 4862 Domrmxvs
2589 4821 2656 4876 (a.
2699 4815 2917 4873 ειη-96)
2965 4816 3030 4863 34
3060 4824 3141 4865 25.
3184 4817 3248 4864 76
3281 4826 3324 4865 1.
3359 4827 3405 4865 7.

622 4865 884 4923 Augustus
921 4863 1102 4911 Caesar
1142 4861 1200 4909 14
1235 4870 1278 4908 1.
1322 4859 1384 4909 32
1416 4871 1495 4908 Ab.
1539 4858 1604 4907 33
1637 4868 1714 4908 13.
2217 4903 2404 4949 NERVA
2447 4904 2511 4963 (a.
2555 4901 2774 4956 96-98)
2818 4901 2882 4948 34
2913 4909 2993 4949 32.

621 4934 881 4990 Angustus
922 4930 1059 4979 121.
1119 4930 1178 4978 10
1207 4938 1254 4978 1.
1306 4929 1482 4978 3124.
1519 4937 1598 4977 31.
1659 4926 1724 4976 32
1755 4936 1838 4977 22.
1898 4928 1961 4976 33
1990 4938 2037 4978 7.
2070 4936 2149 4977 23.

689 5000 752 5048 97
784 5011 831 5049 8.
2213 4997 2492 5044 Taamnvs
2536 4997 2602 5054 (α.
2647 4995 2930 5056 98—117).

621 5071 799 5118 Caesar
835 5068 900 5116 29
934 5078 1011 5118 10.
1048 5078 1125 5117 13.
1170 5067 1233 5117 33
1265 5075 1312 5116 2.
1346 5077 1393 5116 4.
2281 5066 2526 5112 Traianus
2563 5064 2624 5111 27
2657 5073 2739 5114 215.
2797 5064 2860 5112 34
2892 5074 2973 5113 33.
3006 5074 3086 5116 34.
3147 5065 3213 5112 35
3244 5077 3287 5114 5.
3324 5077 3369 5114 9.
3428 5065 3486 5114 81
3524 5076 3603 5115 21.
3671 5068 3735 5116 52
3767 5080 3813 5118 5.

552 5156 607 5204 C.
653 5157 866 5203 CAESAR.
902 5158 1035 5203 Avo.
1076 5169 1124 5201 r.
2351 5133 2415 5181 34
2449 5143 2492 5181 ¹·
2569 5203 2579 5215 ⁶

624 5226 859 5274 Claudius
896 5225 1078 5272 Caesar
1113 5237 1277 5284 nepus
1312 5223 1570 5270 Octaviani
1608 5220 1668 5269 31
1704 5229 1782 5270 24.
1818 5231 1899 5270 30.
2281 5204 2431 5250 divus
2468 5202 2712 5250 T¹⁸¹³¹¹¹¹⁸
2749 5202 2814 5249 4⁰
2843 5210 2923 5250 ²⁴·

555 5312 808 5358 'l'mssmvs
850 5311 919 5371 (a.
966 5307 1205 5368 14—37).
2213 5291 2505 5369 Mancxana
2543 5301 2680 5335 soror
2723 5288 2948 5337 Traiani.

623 5380 854 5428 Tiberius
893 5380 1159 5436 Augustus
1195 5376 1374 5424 Caesar
1412 5375 1475 5423 33
1504 5383 1585 5423 25.
2282 5358 2463 5404 Marma
2500 5356 2557 5404 8¹
2596 5365 2679 5406 2¹·

622 5449 853 5496 Tiberius
892 5446 956 5495 33
990 5456 1066 5497 17.
1101 5454 1183 5495 24.
2216 5445 2531 5490 llanmanvs
2575 5444 2640 5504 (a.
2687 5440 2998 5501 117—138).

622 5517 778 5566 Gaius
816 5517 1049 5564 Tiberius
1087 5514 1149 5563 73
1181 5523 1261 5564 22.
2284 5512 2533 5559 Adrianus
2571 5511 2635 5558 35
2668 5521 2713 5560 5.
2750 5518 2826 5559 12.

549 5605 712 5652 Gaivs
756 5604 821 5662 (a.
864 5600 1108 5660 37—41).
2215 5600 2336 5646 vas
2377 5599 2446 5656 (a.
2491 5595 2801 5658 138—161).

623 5673 778 5720 Gaius
814 5672 995 5720 Caesar
1033 5670 1264 5728 Caligula
1301 5669 1365 5716 33
1396 5679 1476 5716 30.
2287 5668 2575 5714 Antoninus
2612 5665 2732 5713 Pius
2769 5666 2835 5714 35
2868 5675 2947 5715 14.

619 5743 772 5790 Gaius
813 5741 1039 5802 Caligula
1077 5737 1143 5787 34
1172 5747 1218 5788 7.
2186 5717 2193 5802 Ι
2287 5736 2576 5783 Antoninus
2615 5735 2678 5781 35
2713 5744 2791 5784 15.

3301 5838 3401 5887 18*
