4882 6775
461 742 578 782 IGN.

259 843 329 883 er.
363 846 466 886 Get.
501 847 578 887 ³¹0
606 839 822 895 contra
867 831 1264 895 Belesarium
1324 831 1564 912 dirigit.

208 1358 285 1398 ef·
325 1358 463 1399 Mare·
493 1362 569 1401 ⁵36
597 1345 931 1425 consentit,
986 1344 1374 1427 directisque
1421 1365 1457 1409 e
1504 1345 1695 1409 sociis
1741 1347 2250 1411 Theodahadum
2296 1348 2606 1412 Ravenna
2651 1352 3073 1412 revertentem
3119 1346 3455 1430 extinguit.
3536 1365 3859 1430 regnoque
3899 1344 4022 1407 373

251 1565 330 1605 cf.
361 1566 466 1605 Get.
496 1565 567 1606 31¹

252 1977 330 2017 cr.
361 1980 462 2019 Get.
492 1977 570 2018 ³¹2
596 1962 926 2046 primaque
983 1963 1212 2028 Getica
1279 1963 1727 2047 congressione
1786 1965 2073 2029 Hunnila
2140 1964 2439 2031 ductante
2501 1966 2880 2031 Perusinum
2947 1965 3033 2030 ad
3098 1965 3403 2049 oppidum
3471 1970 3732 2049 superat
3790 1969 3856 2029 et
3889 1964 4015 2025 374

243 2391 321 2431 cf.
358 2392 462 2431 Get.
492 2393 568 2433 3¹3

200 2598 273 2638 ef.
316 2598 458 2639 lare.
486 2598 564 2639 5:39

2061 540 2400 594 ROMANA.
3774 541 3861 601 49

608 727 1088 793 Theodahadus
1148 728 1702 809 animadvertens,
1768 730 2018 812 Vitiges
2071 751 2265 795 unum
2312 731 2478 795 inter
2521 731 2683 794 alios
2730 729 3053 794 ductorem
3100 730 3417 794 exercitus
3461 746 3862 813 praeponens

598 934 796 1015 ricOS,
860 933 1008 998 ilico
1055 933 1375 997 exercitus
1421 934 1673 1013 favore,
1741 935 1910 1016 quod
1956 942 2174 1000 contra
2217 935 2729 1001 Theodahadum
2777 942 3144 1019 suspectum
3193 935 3507 1015 habebat,
3575 933 3850 1018 excepit,

597 1043 660 1100 et
710 1035 952 1119 ‘quid',
1003 1035 1250 1118 inquid,
1314 1036 1617 1100 ‘vultis‘22
1660 1037 1745 1101 ad
1774 1037 1905 1102 illi:
1970 1039 2317 1121 ‘tollatur',
2369 1038 2690 1120 inquiunt,
2751 1038 2865 1102 ‘de
2911 1038 3146 1119 medic,
3200 1038 3309 1121 qui
3353 1058 3497 1103 cum
3544 1036 3859 1120 sauguine

603 1138 986 1203 ‘Gothorum
1032 1145 1098 1204 et
1141 1138 1401 1203 interitu
1449 1158 1568 1204 sua
1612 1139 1788 1224 cupit
1832 1140 2080 1206 scelera
2122 1142 2472 1207 excusari'.
2552 1141 2844 1225 factoque
2889 1140 3138 1225 impetu
3182 1141 3250 1205 in
3283 1161 3359 1206 eo
3393 1160 3672 1206 consona
3703 1160 3858 1205 voce

595 1241 830 1324 Vitigis
873 1262 1090 1325 regem
1140 1240 1538 1307 denuntiant.
1608 1249 1676 1307 at
1718 1242 1830 1307 ille
1876 1264 2075 1326 regno
2119 1245 2393 1326 levatus,
2449 1243 2617 1327 quod
2662 1243 2801 1328 ipse
2847 1250 3199 1327 optaverat,
3252 1263 3400 1308 mox
3445 1243 3666 1329 populi
3708 1249 3861 1307 vota

597 1468 710 1513 suo
780 1448 1198 1528 confirmans,
1275 1447 1746 1532 expeditionem
1817 1449 2009 1514 solvit
2075 1456 2139 1515 et
2205 1450 2458 1535 privata
2518 1450 2788 1533 coniuge
2856 1450 3197 1534 repudiata
3261 1450 3505 1533 regiam
3573 1440 3858 1533 puellam

602 1550 1157 1615 Maathesuentam
1203 1551 1586 1615 Theodorici
1643 1551 1817 1647 regis
1874 1559 2130 1667 neptem
2191 1553 2314 1619 sibi
2358 1553 2506 1638 plus
2551 1554 2616 1617 vi
2662 1554 2915 1637 copolat
2957 1574 3147 1636 quam
3193 1553 3396 1617 amori
3418 1556 3486 1634 ¹).
3583 1552 3861 1634 dumque

594 1654 709 1718 ille
770 1652 952 1718 novis
1016 1654 1256 1738 nuptiis
1319 1654 1675 1719 delectatur
1735 1657 2078 1733 Ravenna,
2089 1672 2106 1739 j
2146 1658 2370 1722 consul
2417 1657 2789 1725 Belesarius
2835 1657 3188 1721 Romanam
3248 1657 3468 1723 urbem
3528 1656 3862 1738 ingressus
3903 1673 3962 1714 10

596 1764 694 1821 est
752 1763 1186 1841 exceptusque
1245 1758 1328 1822 ab
1386 1756 1500 1821 illo
1561 1744 1797 1842 pop‘ulo
1859 1759 2181 1842 quondam
2227 1762 2513 1825 Romano
2575 1768 2640 1826 et
2700 1767 2929 1825 senatu
2988 1759 3121 1824 iam
3182 1780 3348 1844 pene
3406 1759 3548 1844 ipso
3607 1758 3861 1822 nomine

593 1879 734 1923 cum
795 1860 1026 1925 virtute
1087 1862 1338 1946 sepulto
1399 1861 1735 1926 confestim
1793 1862 2006 1927 vicina
2065 1870 2332 1947 occupat
2398 1863 2540 1928 loca
2610 1863 2865 1943 urbium
2918 1862 3423 1947 oppidorumque
3484 1861 3851 1926 monimina.

592 2066 738 2150 plus
806 2086 997 2148 quam
1066 2073 1311 2151 septem
1381 2067 1640 2131 milibus
1697 2068 2031 2133 trucidatis
2093 2068 2373 2150 reliquos
2431 2069 2804 2134 Ravennam
2864 2088 3069 2150 usque
3124 2069 3474 2152 proturbat.
3571 2067 3854 2132 secundo

593 2190 740 2234 vero
806 2169 945 2254 ipso
1005 2169 1237 2253 Vitigis
1300 2171 1619 2234 Romanas
1673 2170 1860 2235 arces
1922 2172 2207 2236 vallante
2269 2172 2680 2255 congreditur
2738 2172 3197 2254 machinasque
3256 2170 3436 2236 illius
3496 2177 3562 2236 et
3615 2177 3844 2251 turreS,
3895 2188 3955 2228 ¹⁵
4047 2214 4061 2231 .

593 2272 822 2356 quibus
881 2274 1103 2338 urbem
1163 2273 1342 2337 adire
1404 2274 1792 2355 temptabat,
1868 2274 2018 2356 igne
2077 2275 2469 2359 consumptis
2530 2296 2645 2359 per
2703 2275 2857 2339 anni
2916 2276 3193 2359 spatium
3253 2273 3549 2357 quamvis
3593 2272 3857 2353 inaedia

1657 831 1765 914 qui
1814 832 2171 917 Campania
2226 833 2558 916 ingressus
2615 854 2762 897 mox
2821 832 2907 897 ad
2964 851 3226 917 campos
3284 831 3570 897 venisset
3611 831 3860 895 Barba-
3896 830 4020 892 372

3899 1158 3925 1197 5

4080 1684 4093 1711 V

595 2376 896 2441 laborans
959 2375 1231 2441 deludit.
1323 2382 1468 2460 post
1527 2374 1690 2441 haec
1747 2377 1833 2442 ad
1878 2377 2234 2443 Ariminum
2295 2387 2669 2463 persecutus
2723 2378 3084 2460 exindeque
3130 2398 3278 2442 eum
3324 2378 3680 2460 effugatum
3727 2377 3858 2440 Ra-
3896 2377 4020 2439 375
4072 2403 4088 2420 ·

591 2498 804 2542 venna
846 2479 1133 2543 clausum
1178 2478 1245 2542 in
1292 2478 1681 2544 deditionem
1745 2481 2060 2565 suscepit,
2127 2488 2319 2563 atque
2369 2501 2537 2546 unus
2582 2483 2805 2547 consul
2853 2481 3005 2546 dum
3053 2488 3272 2546 contra
3317 2480 3522 2546 Getas
3568 2477 3852 2560 dimicat,

593 2601 756 2664 pene
815 2579 957 2665 pari
1017 2587 1250 2646 eventu
1309 2581 1389 2646 de
1435 2583 1736 2666 FranciS,
1800 2583 1909 2666 qui
1955 2604 2099 2649 cum
2144 2584 2593 2669 Theodeperto
2638 2605 2789 2667 rege
2838 2604 2952 2649 suo
2997 2586 3146 2669 plus
3195 2583 3473 2648 ducenta
3517 2582 3702 2647 milia
3744 2581 3863 2646 ad—

591 2691 933 2765 venerant,
998 2683 1436 2768 triumphavit.
1532 2685 1648 2751 sed
1709 2686 1860 2768 quia
1904 2686 1990 2752 ad
2034 2687 2170 2752 alia
2215 2692 2564 2771 occupatus
2610 2687 2769 2752 alibi
2815 2687 3020 2752 noluit
3063 2686 3415 2771 implicari,
3481 2685 3859 2768 rogantibus
3899 2702 3960 2743 20
4061 2709 4078 2725 ·

589 2786 857 2851 Francis
904 2807 1127 2871 pacem
1175 2788 1492 2854 concessit
1536 2794 1602 2854 et
1646 2788 1785 2854 sine
1832 2809 2087 2854 suorum
2134 2790 2474 2874 dispendio
2519 2790 2601 2855 de
2646 2790 2806 2855 fines
2850 2791 3051 2856 Italos
3099 2788 3408 2874 expulit2)
3480 2794 3857 2872 sumptoque

205 2907 278 2949 cr.
317 2906 462 2947 aare.
490 2908 578 2949 540
591 2910 746 2973 rege
805 2895 871 2955 et
928 2890 1153 2973 regina
1209 2891 1527 2974 simulque
1588 2898 1653 2957 et
1712 2910 1869 2975 opes
1927 2892 2156 2977 palatii
2215 2893 2300 2958 ad
2360 2892 2715 2978 principem
2769 2892 2878 2975 qui
2925 2914 3070 2959 eum
3117 2893 3381 2957 miserat
3423 2889 3792 2975 reportavit.
3840 2889 3861 2974 ss

356 3010 464 3050 Get.
492 3009 568 3051 313

447 3197 564 3239 IGN.

203 3251 275 3293 ef.
315 3250 461 3292 Mare.
487 3252 571 3293 540

596 2992 813 3075 sicque
869 2992 1036 3058 intra
1094 2993 1281 3076 pauci
1338 2994 1642 3079 temporis
1704 2995 1979 3080 spatium
2026 2996 2421 3061 Iustinianus
2478 2997 2825 3081 imperator
2875 3017 2992 3082 per
3035 2995 3480 3062 fidelissimum
3529 2994 3854 3059 consulem

591 3096 718 3161 duo
763 3116 965 3179 regna
1010 3095 1299 3180 duasque
1346 3117 1449 3163 res
1495 3098 1790 3182 publicas
1838 3118 1996 3164 suae
2042 3099 2278 3164 dicioni
2324 3099 2602 3183 subegit.

767 3199 954 3276 Quod
997 3199 1274 3264 Parthus
1334 3201 1711 3285 conperiens
1772 3202 2149 3286 facibusque
2207 3202 2494 3267 invidiae
2554 3202 2983 3267 exardescens
3041 3202 3110 3266 in
3153 3200 3405 3285 Syriam
3458 3198 3661 3266 movit
3704 3219 3855 3284 pro-
3890 3202 4015 3263 376

592 3302 899 3383 cinctum,
991 3309 1057 3367 et
1110 3302 1494 3367 Callinicum
1555 3304 1750 3369 Soras
1808 3304 2434 3389 Neocaesariamque
2518 3305 2865 3370 devastans
2924 3305 3375 3369 Anthiochiam
3433 3303 3630 3369 venit.
3741 3301 3851 3368 ubi

592 3407 950 3471 Germanus
1014 3405 1318 3490 patricius
1385 3427 1529 3472 cum
1574 3408 1820 3473 Iustino
1886 3408 2017 3473 filio
2084 3428 2199 3473 suo
2266 3408 2621 3490 eodemque
2683 3409 2944 3473 consule
3002 3415 3341 3492 postquam
3408 3408 3489 3473 ab
3548 3406 3855 3471 Africana

591 3509 924 3594 provincia
968 3515 1354 3590 remeasset,
1410 3510 1561 3575 dum
1606 3512 1953 3577 adventum
1998 3512 2376 3576 Parthorum
2422 3512 2685 3577 obviare
2728 3511 2983 3594 nequit,
3035 3511 3262 3576 relicta
3305 3511 3462 3576 urbe
3506 3509 3595 3575 ad
3636 3516 3854 3592 partes

593 3612 860 3678 secessit
891 3611 1178 3678 Ciliciae.
1260 3611 1441 3678 Persi
1486 3633 1636 3679 vero
1680 3635 1951 3680 vacuam
1995 3615 2078 3679 ab
2126 3614 2411 3680 exercitu
2444 3614 2890 3679 Anthiochiam
2938 3614 3153 3679 nancti
3171 3616 3213 3696 3)
3268 3613 3701 3698 populumque
3739 3629 3855 3696 per

761 3907 816 3952 H
838 3906 883 3952 Ρ
913 3906 952 3952 V
974 3907 1011 3953 S
1041 3907 1124 3970 (ad
1160 3907 1226 3956 24
1262 3908 1478 3970 subegit)
1507 3909 1551 3957 L
1589 3907 1851 3968 Freculfua
1878 3910 1924 3969 9,
1958 3911 2004 3970 5,
2038 3909 2097 3958 21
2148 3908 2228 3970 (ad
2266 3908 2296 3958 3
2334 3909 2464 3969 ilico,
2509 3913 2622 3957 item
2656 3924 2688 3956 a
2725 3909 2755 3958 5
2792 3909 3050 3971 consona).
3089 3935 3155 3945 —-
3193 3908 3328 3958 Mur.
3364 3924 3418 3970 p.
3448 3894 3575 3956 241⁶
3608 3923 3657 3956 υ.
3690 3905 3720 3955 2
3758 3907 3853 3954 Be-

591 3992 847 4041 lesarium.

767 4146 782 4193 1
827 4147 1090 4194 theodatus
1127 4147 1351 4194 HPVSL
1559 4149 1781 4208 uuitiges
1820 4147 1864 4194 L
2085 4147 2114 4195 2
2152 4145 2265 4214 qui]
2303 4150 2389 4210 qui
2428 4164 2542 4198 cum
2582 4151 2658 4197 Fr.
2877 4147 3157 4216 campania]
3195 4149 3375 4198 11va
3593 4147 3623 4197 3
3662 4142 3852 4213 fauore]

590 4233 814 4282 HPVSL
1027 4233 1317 4282 theodatum
1344 4233 1387 4280 L
1594 4233 1844 4281 habebant
1867 4233 2015 4293 ΗΒΕ,
2058 4235 2274 4282 abebant
2298 4235 2394 4281 PV
2597 4237 2629 4285 6
2666 4248 2788 4296 rgno
2826 4234 2906 4282 1²⁰
3113 4237 3347 4284 eleuatus
3385 4235 3429 4282 L
3638 4234 3666 4282 7
3705 4235 3850 4282 theo-

588 4319 835 4368 dohadum
863 4321 946 4368 Fr.
973 4319 1065 4381 hie,
1099 4319 1433 4368 theodaadum
1457 4321 1501 4368 L
1706 4316 1954 4385 rauenna]
1991 4318 2216 4367 HPVSL
2424 4321 2456 4370 9
2498 4319 2950 4389 maatheeuentam]
2974 4321 3155 4369 11va
3177 4323 3283 4382 Fr„
3312 4322 3714 4369 mathesuentam
3739 4320 3783 4367 L

589 4401 764 4470 amori]
801 4405 980 4452 HPVS
1219 4404 1276 4453 12
1317 4401 1613 4470 monimina]
1648 4404 1853 4463 HPVS,
1895 4408 2097 4453 nomina
2134 4406 2177 4453 L
2411 4406 2473 4456 13
2511 4422 2677 4468 congr.
2720 4413 2821 4468 get.
2864 4408 2908 4455 L
3116 4413 3355 4470 superant
3391 4406 3429 4453 S
3674 4406 3734 4456 14
3772 4421 3852 4455 se-

587 4492 750 4539 cunda
785 4489 852 4539 8⁰
1100 4490 1161 4538 15
1197 4488 1339 4556 uero]
1378 4504 1497 4538 uero
1533 4505 1645 4539 cum
1686 4488 1763 4536 1²2
1789 4491 1873 4539 Fr.
2086 4487 2218 4556 ipso]
2258 4492 2330 4539 bia
2366 4491 2429 4539 P¹
2638 4494 2778 4541 illius
2813 4507 2909 4541 om.
2950 4494 2997 4541 L
3229 4492 3288 4542 17
3327 4494 3538 4540 arimum
3575 4493 3628 4553 V,
3668 4494 3847 4540 artma-

589 4591 710 4624 num
746 4577 785 4625 S
1010 4590 1108 4636 que
1143 4590 1240 4625 om.
1285 4577 1369 4625 Fr.
1611 4575 1673 4623 18
1710 4576 1969 4624 deditione
2007 4574 2046 4622 S
2169 4584 2174 4590 ”
2269 4583 2433 4636 gestas
2470 4578 2615 4626 HPV
2845 4578 2907 4627 19
2942 4579 3265 4628 theodeberto
3307 4580 3396 4641 (V)
3425 4580 3509 4630 Fr.
3720 4578 3846 4627 duo-

587 4669 746 4711 cemta
782 4661 842 4721 P,
883 4663 1130 4710 duoceuto
1167 4662 1211 4709 L
1454 4663 1773 4711 aduenerunt
1809 4661 1851 4707 L
2112 4661 2172 4709 21
2215 4663 2425 4711 duorum
2464 4663 2508 4711 L
2749 4665 2937 4713 Italicis
2974 4665 3057 4714 st.
3322 4663 3389 4713 22
3423 4661 3620 4730 palatii]
3655 4664 3763 4712 latii
3800 4665 3857 4712 Η

586 4748 652 4797 24
686 4750 911 4810 puplicae
949 4749 992 4796 L
1201 4748 1414 4795 dicionis
1452 4747 1564 4808 ΗΡ,
1605 4747 1818 4795 ditioni*
1865 4747 1919 4806 V,
1960 4747 2145 4795 ditioni
2181 4746 2263 4795 sl,
2494 4747 2559 4799 25
2595 4751 2917 4813 fascibusque
2954 4750 3104 4797 HPV
3317 4750 3383 4799 26
3419 4751 3700 4799 callicinum
3736 4750 3781 4798 L

591 4835 719 4883 Sura
754 4836 1056 4895 intelleyitur

762 5058 804 5118 1)
854 5060 1085 5121 (vitiges)
1130 5059 1455 5121 expeditione
1492 5059 1655 5106 soluta
1692 5059 1893 5106 Romam
1942 5059 2221 5118 ingreditur
2261 5096 2273 5109 .
2307 5097 2317 5108 .
2351 5096 2363 5107 .
2398 5097 2410 5109 .
2454 5061 2629 5121 ibique
2675 5061 2901 5110 residens
2949 5062 3123 5121 dirigit
3159 5062 3464 5112 Ravennam.
3540 5061 3849 5109 Theodatum

586 5146 766 5192 occidit
805 5181 818 5194 .
853 5182 863 5192 .
902 5183 913 5192 .
946 5184 957 5195 .
1001 5145 1389 5207 Ravennamque
1439 5146 1695 5202 ingressus
1730 5145 2132 5192 Matesuentham
2186 5150 2388 5204 neptem
2429 5145 2716 5193 Theudorici
2764 5148 2862 5194 sibi
2905 5149 3083 5195 sociam
3134 5148 3184 5194 in
3223 5161 3374 5206 regno
3408 5148 3526 5209 plus
3563 5148 3611 5193 vi
3649 5147 3852 5208 copulat

587 5245 734 5291 quam
772 5245 940 5278 amore
980 5232 1309 5279 continuator
1346 5229 1624 5277 Marcellini
1658 5244 1708 5279 a.
1740 5232 1855 5279 536.
1920 5234 2092 5277 auctor
2128 5233 2181 5276 in
2215 5229 2288 5277 his
2311 5243 2416 5278 non
2439 5236 2543 5278 tam
2564 5243 2623 5277 ex
2653 5233 2831 5280 Getieis
2856 5235 2959 5281 suia
2982 5233 3142 5280 hausit
3170 5247 3315 5294 quam
3337 5246 3396 5279 ex
3422 5235 3539 5293 ipsis
3563 5232 3842 5279 annalibus.

758 5316 807 5377 2)
851 5317 1223 5365 Theudibertus
1258 5317 1560 5364 Francorum
1598 5329 1684 5362 rex
1723 5330 1837 5363 cum
1875 5329 2052 5374 magno
2089 5317 2315 5363 exercitu
2355 5315 2629 5364 adveniens
2667 5318 2921 5377 Liguriam
2975 5324 3231 5379 totamque
3278 5318 3547 5380 depraedat
3580 5318 3849 5367 Aemiliam

681 5439 693 5450 .
728 5440 739 5451 .
780 5403 1010 5450 exercitu
1046 5402 1228 5450 dehinc
1266 5416 1355 5450 suo
1391 5403 1558 5449 morbo
1594 5403 1850 5450 laborante
1884 5407 1944 5449 ut
1981 5402 2274 5461 subveniat,
2318 5403 2576 5464 paciscens
2615 5418 2728 5452 cum
2768 5405 3008 5453 Belisario
3046 5406 3108 5452 ad
3146 5404 3332 5453 Gallias
3368 5407 3638 5453 revertitur
3676 5406 3848 5453 Conti-

587 5494 768 5537 nuator
807 5487 1089 5537 Marcellini
1123 5502 1171 5535 a.
1217 5490 1334 5536 539.
1426 5487 1661 5535 Iordanes
1696 5501 1821 5548 quae
1857 5489 1930 5535 hia
1964 5488 2254 5548 respondent
2289 5495 2438 5550 atque
2476 5503 2610 5536 unus
2647 5517 2716 5525 —
2750 5492 2950 5552 expulit
2983 5495 3178 5550 sumpta
3214 5503 3272 5538 ea:
3312 5490 3601 5539 Marcellino
3637 5494 3849 5552 interpo-

587 5577 685 5622 suit
716 5580 823 5635 post
862 5580 1051 5633 tempus
1089 5576 1216 5621 inter
1251 5572 1397 5621 verba
1433 5574 1485 5619 in
1522 5573 1827 5620 deditionem
1866 5574 2111 5635 suscepit,
2154 5579 2454 5636 sumptoque
2494 5589 2609 5635 rege
2644 5582 2754 5638 eet„
2799 5591 2926 5637 quae
2960 5577 3216 5625 cohaerent
3252 5582 3451 5637 sumpta
3486 5591 3544 5624 ex
3579 5577 3776 5627 Geticis.

759 5659 805 5717 3)
849 5659 1020 5706 Parthi
1057 5660 1110 5705 in
1149 5659 1341 5718 Syriam
1377 5659 1595 5718 ingressi
1632 5660 1814 5707 multas
1852 5662 2002 5708 urbes
2038 5662 2354 5710 subvertunt.
2430 5667 2603 5709 contra
2649 5676 2775 5723 quos
2811 5663 3088 5710 Germanus
3140 5677 3272 5710 arma
3319 5664 3561 5723 arripiens
3596 5664 3848 5712 Iustinum

587 5746 744 5793 fllium
782 5745 1104 5805 eundemque
1142 5746 1400 5793 consulem
1437 5744 1490 5791 in
1530 5744 1654 5807 ipsis
1693 5746 1914 5792 fascibus
1951 5759 2119 5792 secum
2158 5745 2313 5794 ducit.
2372 5745 2641 5794 Antiochia
2676 5761 2853 5808 magna
2888 5748 3218 5810 depraedatur
3252 5763 3283 5796 a
3314 5748 3482 5796 Persia
3524 5749 3852 5798 Continuata·

589 5830 867 5879 Marcellini
902 5845 951 5878 a.
996 5831 1116 5879 540.

740 5931 985 5973 lemanna.
3401 5936 3429 5986 7

3890 3114 3948 3156 24
