4882 6775
1660 489 1705 541 Ι.
1746 489 1984 543 INDEX
2022 486 2528 542 PERSONARVM
2541 530 2552 542 .

480 681 707 739 Amnius,
752 681 814 727 -li
855 681 918 729 64
956 690 1037 730 23.
1082 680 1256 730 7618.
1302 679 1438 730 781.
1480 678 1545 728 88
1575 690 1621 729 G.
1664 680 1840 729 9611.
1887 679 2093 729 10312.

559 759 635 797 16.
684 748 781 797 109
814 758 897 799 20.
944 750 1034 799 121
1076 759 1155 799 16.
1202 750 1297 799 122
1328 759 1406 798 20.
1455 749 1550 797 123
1581 760 1627 798 6.
1672 749 1770 798 126
1799 758 1879 798 21.
1926 749 2021 798 128
2047 760 2093 798 11.

554 818 725 867 1351.
773 818 866 866 138
903 828 1097 867 17.19.
1152 821 1343 867 familis,
1383 817 1590 878 10312,
1632 818 1698 878 cf.
1733 818 1797 865 64
1834 828 1916 867 23.
1970 833 2093 877 gens

554 886 646 935 123
679 896 725 934 6.
806 890 958 949 stirps
1002 886 1098 936 122
1129 896 1209 938 2ο.
1257 887 1352 936 128
1384 899 1430 935 6.
1488 887 1656 936 1351.
1708 886 1911 937 1-3817.
1980 902 2094 949 pto-

547 957 685 1017 sspia
729 955 823 1003 126
853 965 933 1005 24.
1016 957 1109 1003 ‘Et
1153 957 1427 1004 Theodiscis
1462 963 1507 1002 et
1534 958 1943 1017 Anylosaxonicis
1979 973 2092 1003 car·

544 1026 758 1072 minibus
798 1026 1045 1085 quondam
1082 1028 1308 1073 celebrati
1334 1026 1625 1084 Amalunga.
1648 1028 1747 1072 sive
1775 1027 2086 1084 Amulingas.

544 1108 636 1139 voa:
660 1096 785 1141 amal
822 1098 910 1141 etsi
946 1100 1137 1142 mature
1173 1098 1227 1143 in
1262 1096 1555 1142 oblivionem
1591 1096 1741 1156 abiit,
1794 1098 1897 1142 sine
1945 1094 2092 1141 dubio

544 1168 828 1221 strenuum,
908 1163 1237 1224 industrium,
1316 1164 1677 1223 infatiyabilem
1748 1162 2086 1224 siynificavit’.

546 1231 964 1281 Munmffixnorr.

546 1325 677 1388 Gapt
708 1329 936 1387 princeps
963 1328 1253 1374 Amatorum
1279 1327 1343 1375 76
1377 1336 1453 1375 16.
1517 1326 1692 1387 ‘Gapt‚
1737 1327 1932 1373 heroum
1972 1340 2089 1387 quos

545 1398 699 1442 Ansis
771 1398 836 1456 (q.
900 1396 972 1455 v.)
1033 1402 1331 1444 vocaverunt
1387 1398 1635 1455 primum,
1690 1400 1920 1455 corrupta
1985 1410 2090 1441 una

545 1465 704 1511 littera
730 1465 940 1511 eundem
960 1480 1057 1511 esse
1083 1469 1227 1526 atque
1251 1464 1699 1511 Nortbmannorum
1718 1464 1867 1526 Gaut‚
1898 1466 2087 1525 Anyto-

544 1547 786 1579 saxonum
823 1534 949 1582 Ge'st
986 1535 1195 1580 Iacobus
1233 1531 1506 1581 Grimmius
1544 1537 1779 1593 opinatus
1816 1538 1913 1592 est,
1955 1548 2088 1580 eam-

548 1616 637 1663 que
672 1605 950 1662 opinionem
985 1604 1243 1664 plerisque,
1285 1617 1345 1649 ne
1382 1602 1545 1649 dicam
1579 1602 1806 1649 omnibus
1836 1604 2089 1661 placuisse

546 1674 654 1732 quis
688 1674 907 1729 miretur,
950 1675 1032 1732 qui
1068 1671 1381 1718 traditionem
1418 1677 1460 1718 et
1492 1672 1794 1718 Norroenam
1830 1677 1875 1719 et
1901 1673 2087 1731 Anyto-

544 1743 828 1787 satonicam
886 1744 1183 1801 respexerit?
1254 1746 1420 1788 tamen
1473 1743 1637 1788 minus
1691 1745 1818 1786 certa
1870 1755 1945 1787 res
1997 1746 2081 1787 est.

549 1808 888 1856 Cassiodorius
937 1813 1072 1858 enim
1122 1814 1165 1856 et
1215 1809 1449 1856 Iordanes
1495 1812 1726 1869 antiquas
1767 1809 2087 1867 diphthonyos

546 1893 608 1924 au
647 1884 692 1924 et
727 1880 771 1925 si
809 1893 1060 1939 nusquam
1096 1884 1356 1926 servarunt
1393 1882 1446 1925 in
1482 1880 1767 1926 nominibus
1810 1880 1994 1925 Goticis
2030 1892 2087 1923 ea:

545 1949 649 2006 ipso
685 1962 783 1994 usu
818 1962 878 1993 ac
914 1962 1130 1995 sermone
1163 1948 1333 2007 populi
1370 1948 1462 1993 sibi
1497 1950 1643 2004 notis,
1685 1948 1767 1993 sed
1804 1952 1999 1994 tantum
2035 1949 2089 1993 in

546 2016 739 2063 traditis
775 2016 1007 2071 aliunde‚·
1059 2015 1198 2075 conf.
1241 2017 1542 2075 Audesseda‚
1599 2015 1901 2075 Gautigoth,
1956 2016 2088 2062 Rau-

548 2086 749 2146 marici‚
794 2085 1106 2143 Finnaithae,
1150 2086 1357 2132 Aoricus
1402 2085 1531 2146 (Got.
1578 2086 1859 2132 llziuhreiks
1901 2085 2081 2132 Theod.

545 2152 784 2214 thrih),
823 2155 1050 2215 Argium,
1083 2156 1241 2201 Gaina
1282 2155 1351 2200 al.
1402 2157 1701 2214 scripserunt
1732 2156 1911 2201 inillis
1948 2156 2088 2201 Goti-

546 2225 613 2269 cis
639 2237 666 2269 o
691 2228 736 2270 et
761 2238 789 2270 e
812 2225 902 2283 (ae)
928 2239 1016 2283 pro
1043 2238 1102 2270 au
1129 2228 1173 2270 et
1200 2224 1266 2271 si.
1308 2238 1462 2285 neque
1488 2222 1554 2269 ad
1584 2223 1886 2282 Trapstitam
1917 2226 1981 2284 (q.
2010 2222 2079 2280 v.)

546 2296 592 2337 et
628 2288 942 2358 Θραυστίλαν
975 2306 1240 2352 provocare
1277 2293 1419 2353 licet,
1460 2296 1516 2338 ut
1553 2298 1834 2351 corruptum
1870 2305 1969 2339 esse
2002 2307 2088 2351 per

548 2360 775 2408 librarios
818 2362 1042 2408 Goticum
1081 2377 1110 2408 u
1140 2364 1193 2409 in
1226 2376 1256 2421 p
1294 2363 1462 2421 atiquo
1485 2362 1704 2420 exempto
1729 2362 2080 2421 comprobetur.

548 2430 776 2477 babemus
807 2431 1027 2491 profecto
1063 2432 1306 2478 nullum'.
1347 2429 1774 2477 Mnnmffixnorr.

548 2523 754 2572 Hulmul
797 2526 883 2585 (al.
927 2526 1126 2583 Ilumsl)
1171 2524 1237 2573 76
1280 2534 1334 2573 17
1366 2525 1456 2573 bis.
1555 2524 1662 2570 ‘Aa
1700 2527 1883 2572 litteras
1921 2527 2085 2571 atavi·

552 2608 641 2654 que
676 2597 806 2654 repis
840 2593 1174 2642 condicionem
1210 2594 1340 2654 quod
1376 2597 1579 2656 attinet,
1628 2595 1902 2654 comparari
1931 2598 2089 2652 potest

555 2664 755 2725 Hunni,
804 2677 948 2724 quem
980 2668 1174 2722 praeter
1211 2664 1419 2711 Danum
1454 2677 1567 2710 cum
1601 2669 1772 2722 nepote
1807 2666 1896 2709 aut
1933 2660 2088 2720 fratre

550 2736 639 2778 aut
674 2732 776 2794 filio
814 2731 1021 2779 Liithero
1059 2733 1190 2780 Saxo
1226 2735 1580 2791 yrammaticus
1623 2735 1806 2793 aliique
1854 2733 2089 2779 nonnulli

557 2801 708 2861 (apud
747 2800 1111 2861 Lanyebekium
1152 2805 1197 2863 1,
1240 2803 1321 2848 27.
1365 2804 1445 2849 19.
1480 2802 1596 2862 150)
1639 2807 1885 2848 auctorem
1919 2814 2090 2859 reyum

550 2870 746 2917 Daniae
780 2872 936 2932 fuisse
969 2870 1230 2929 perbibent,
1272 2869 1538 2918 oriundum
1575 2872 1678 2917 sine
1713 2870 1859 2917 dubio
1892 2884 1947 2915 ex
1972 2884 2089 2929 coy-

552 2942 751 2986 nomine
787 2940 872 2985 illo
900 2940 1166 2987 Hunorum
1199 2954 1324 3000 reye,
1368 2954 1511 3000 quem
1544 2954 1658 2987 cum
1679 2943 1850 2999 nepote
1874 2953 1929 2985 ez:
1959 2939 2082 2999 filia,

550 3010 747 3056 nomine
785 3002 959 3066 fimat,
1006 3013 1176 3056 contra
1213 3006 1394 3055 Gothos
1427 3009 1611 3068 proelio
1646 3009 1922 3056 occubuisse
1963 3007 2088 3054 Nor·

551 3091 700 3124 roena
736 3077 915 3137 fabula
949 3078 1008 3123 de
1051 3078 1279 3139 Tyrfinyo
1315 3091 1425 3124 ense
1467 3083 1656 3125 narrat.
1709 3092 1887 3125 nomen
1927 3080 2087 3137 ipsum

553 3147 837 3205 obscurum,
881 3149 1103 3207 quamvis
1138 3147 1302 3194 eodem
1339 3141 1630 3197 Aummmls
1665 3161 1842 3207 vacca,
1890 3148 1932 3192 si
1966 3151 2092 3193 recte

555 3217 624 3263 ita
658 3216 903 3278 scribitur,
944 3218 1193 3275 appellata
1227 3229 1328 3262 esse
1364 3216 1604 3263 videatur.
1663 3220 1918 3276 praeterea
1948 3213 2086 3273 conf.

555 3286 763 3344 Augis'.
840 3286 1259 3332 Montanum-1³.

558 3381 716 3440 Augis
742 3378 806 3428 715
840 3390 894 3429 17
925 3380 1012 3429 bis.
1088 3380 1275 3440 ‘Augis
1309 3394 1475 3427 vocem
1509 3394 1610 3428 esse
1644 3395 1747 3428 non
1771 3382 2088 3440 compositam

556 3449 728 3497 docent
764 3455 808 3498 et
842 3453 1009 3510 priora
1045 3455 1090 3497 et
1124 3452 1377 3510 sequentia
1411 3451 1726 3509 yenealoyiae
1749 3452 1974 3497 nomina.
2025 3449 2091 3496 ad

556 3533 665 3566 eam
713 3523 877 3566 tamen
924 3519 1270 3579 explicandam
1316 3519 1375 3566 de
1423 3519 1688 3576 adiectivO,
1742 3517 1869 3578 quod
1905 3533 1961 3565 ea:
1997 3518 2089 3564 ad·

556 3589 728 3635 verbiis
761 3589 943 3635 Goticis
979 3589 1273 3648 andaugiba,
1316 3586 1565 3647 andaugjo
1593 3587 1744 3647 facile
1768 3589 1949 3648 elicias,
1989 3588 2092 3633 noli

556 3660 787 3716 coyitare‚
826 3671 927 3704 non
964 3657 1092 3717 quod
1128 3657 1285 3703 obstat
1320 3656 1647 3717 diphthonyus
1681 3672 1745 3704 au
1780 3671 1867 3716 pro
1898 3658 2091 3716 vulyari

560 3727 589 3772 ὀ
624 3727 839 3774 admissa
880 3725 965 3785 (cs.
1008 3726 1181 3789 (ἦρι),
1230 3726 1313 3772 sed
1360 3729 1595 3786 quoniam
1639 3725 1880 3773 adiectivo
1924 3727 2009 3772 illo
2046 3731 2091 3773 et

564 3796 827 3843 Theodisco
865 3797 993 3855 {iuge
1029 3801 1074 3842 et
1100 3795 1347 3842 Norroeno
1383 3809 1502 3854 eygr
1527 3798 1735 3843 maiores
1757 3809 1860 3842 non
1882 3795 2090 3843 uteban-

560 3870 643 3911 tur
675 3867 773 3912 nisi
808 3867 862 3911 in
897 3867 1171 3924 compositis
1194 3865 1364 3913 verbis.
1439 3870 1492 3910 at
1520 3868 1563 3912 si
1600 3865 1758 3924 Augis
1790 3879 1882 3923 pro
1928 3861 2090 3922 ‘Agis’

557 3938 615 3979 ut
662 3934 921 3994 Augandzi
962 3947 1055 3994 pro
1109 3933 1339 3993 ‘Agedii'
1387 3948 1649 3993 perperam
1702 3936 1941 3993 scriptum
1994 3946 2091 3979 esse

557 4004 805 4062 ponimus,
847 4006 1042 4050 nomine
1079 4002 1192 4050 inde
1226 4003 1393 4064 effecto
1427 4003 1636 4063 sortasse
1658 4003 1920 4062 mytholoyi
1942 4005 2093 4048 nostri

564 4074 661 4117 iam
708 4071 775 4118 ad
822 4071 968 4130 lonye
1016 4073 1142 4119 alias
1197 4071 1255 4118 de
1302 4073 1436 4131 Gapt
1489 4076 1532 4117 et
1583 4072 1789 4119 Hulmul
1842 4073 2094 4130 opiniones

558 4142 899 4200 pellicientur;
937 4139 1263 4200 conserantur
1290 4141 1433 4188 modo
1459 4155 1515 4188 ea
1540 4155 1662 4200 quae
1692 4140 1897 4186 Iacobus
1928 4141 2093 4186 Grim-

559 4212 689 4257 mius
737 4211 791 4257 in
835 4210 1134 4269 mytholoyia
1179 4209 1344 4270 (1844)
1388 4224 1439 4271 p.
1480 4207 1754 4257 2115-219
1801 4208 2093 4268 disputavit.

560 4278 641 4324 sed
678 4280 796 4326 certi
830 4281 1089 4340 quicquam
1126 4281 1180 4325 in
1214 4279 1287 4326 bis
1322 4281 1523 4326 omnino
1558 4293 1814 4337 nunquam
1861 4277 2096 4338 adseque-

562 4347 712 4397 mur'.
790 4348 1208 4394 Munansnorr.

495 4435 527 4482 4
562 4432 1031 4481 Amal7617.1s.

498 4521 528 4567 5
568 4522 795 4582 llisarna,
838 4520 1066 4566 Hisarnis
1105 4518 1169 4566 76
1202 4527 1278 4567 13.
1349 4519 1601 4565 ‘Hisarnis
1623 4521 1859 4578 potiorem
1883 4518 2094 4577 formam

568 4591 788 4636 Goticam
816 4589 1017 4636 Eisarns
1055 4588 1254 4646 indicat,
1296 4587 1377 4633 sed
1410 4587 1590 4634 Graece
1626 4587 1817 4646 factam
1847 4583 2090 4653 Ἰσάρνης.

563 4661 831 4720 sequiorem
867 4663 1031 4705 autem
1060 4658 1270 4704 llisarna
1305 4672 1366 4704 ne
1398 4659 1504 4717 quis
1538 4672 1628 4716 pro
1665 4658 1879 4705 breviato
1902 4661 2098 4704 nomine

563 4731 823 4788 composito
869 4727 1074 4782 babeat,·
1136 4740 1237 4772 non
1291 4729 1421 4773 enim
1472 4729 1676 4773 nomina
1729 4729 1929 4785 propria
1984 4741 2097 4773 cum

571 4798 681 4845 (iot.
709 4799 876 4843 εῖδει-η
908 4796 1086 4844 Theod.
1118 4794 1251 4842 isam
1285 4802 1477 4855 praeter
1500 4798 1770 4854 aynomina
1794 4809 2095 4855 componun-

566 4872 664 4914 tur.
742 4867 955 4913 mutua
1001 4867 1177 4925 iyitur,
1227 4867 1261 4911 i.
1301 4879 1344 4912 e.
1392 4867 1501 4912 Got.
1552 4865 1760 4911 Eisarna
1794 4866 1871 4910 vel
1921 4865 2099 4911 Graece

565 4937 706 4996 quasi
736 4930 987 5000 Σιῦήρων,
1025 4936 1173 4993 plane
1208 4935 1459 4992 sinyulare
1496 4938 1563 4979 est
1595 4947 1788 4994 nomen,
1831 4938 1888 4979 ut
1921 4933 2100 4993 mythi-

564 5019 706 5064 cum,
747 5009 792 5051 et
829 5005 1031 5063 simplex
1066 5008 1121 5049 ut
1152 5005 1378 5062 proxima
1414 5003 1588 5061 Amal,
1632 5004 1818 5062 Augis,
1864 5002 2094 5063 Hulmul‚

567 5070 738 5135 Gspt‘.
814 5073 1229 5120 Mummmnow.

512 5169 525 5182 ³
567 5167 914 5214 Οετιιοοοτπᾼ
953 5181 1036 5214 rex
1074 5166 1133 5213 77
1171 5175 1189 5215 1
1223 5167 1307 5214 bis.
1352 5166 1415 5213 78
1445 5176 1490 5215 6.
1535 5165 1591 5213 81
1630 5176 1677 5214 5.
1712 5174 1789 5214 10.
1839 5165 1903 5213 83
1934 5177 1981 5214 8.
2018 5173 2093 5213 12.

574 5247 651 5286 15.
684 5245 767 5287 22.
849 5239 1074 5284 ‘Iniuria
1111 5235 1382 5295 ambiyitur
1415 5241 1582 5282 utrum
1617 5249 1700 5282 rex
1736 5249 1767 5280 a
1802 5237 1986 5294 populo
2011 5249 2095 5294 an,

569 5307 697 5367 quod
742 5322 896 5355 sanus
930 5320 1074 5353 nemo
1109 5305 1393 5362 contendet,
1440 5305 1653 5364 populus
1698 5319 1728 5350 a
1775 5318 1882 5363 reye
1926 5318 2101 5351 nomen

567 5380 822 5435 inceperit.
897 5376 1008 5423 vide
1053 5390 1175 5436 quae
1226 5377 1279 5420 in
1322 5375 1532 5432 Hauptii
1579 5377 1701 5420 actis
1749 5374 2002 5419 litterariis
2047 5371 2095 5432 9,

572 5445 667 5492 134
682 5460 785 5506 sqq.
826 5445 1097 5504 disputavi.
1171 5458 1282 5490 eum
1320 5443 1535 5502 Philippi
1572 5445 1879 5501 imperatoris
1914 5455 2101 5502 aequa-

569 5516 663 5560 lem
687 5513 808 5573 fecit
838 5513 1173 5560 Cassiodorius
1197 5529 1237 5563 c.
1267 5512 1352 5560 90.
1392 5514 1566 5558 certior
1590 5517 1659 5556 est
1695 5511 1836 5569 sama
1871 5511 1929 5556 de
1965 5510 2101 5569 felici

568 5585 674 5629 eius
708 5588 879 5631 contra
922 5582 1133 5643 (lepidas
1168 5583 1432 5628 certamine
1467 5596 1508 5627 c.
1553 5579 1808 5639 tis—100,
1852 5593 1945 5641 quo
1982 5585 2102 5626 tem-

567 5666 681 5712 pore
723 5652 1021 5710 Ostroyotbis
1068 5650 1426 5710 Veseyothisque
1464 5652 1721 5709 imperasse
1758 5649 1939 5696 dicitur
1975 5649 2099 5710 (9⁴5).

569 5721 840 5769 celebratur
864 5723 1009 5767 etiam
1034 5723 1140 5767 eius
1183 5719 1391 5766 ‘solidus
1417 5715 1639 5764 animus'
1676 5717 1811 5777 apud
1842 5718 2103 5764 Iordanem

578 5791 701 5854 (98),
753 5791 813 5837 ab
850 5795 953 5849 ipso
995 5789 1297 5836 Cassiodorio
1342 5790 1466 5848 (var.
1502 5786 1578 5848 11,
1617 5786 1658 5846 1)
1699 5790 1805 5832 eius
1837 5789 2097 5846 patientia,

2152 982 2177 1028 7
2220 982 2417 1029 Hunuil
2445 980 2508 1029 77
2542 990 2560 1029 1
2593 982 2680 1028 bis.

2143 1628 2173 1675 8
2209 1626 2361 1674 Athal
2400 1626 2463 1674 77
2498 1635 2515 1674 1
2549 1626 2635 1677 bis.

2141 2136 2172 2183 9
2210 2135 2422 2182 Achiuls
2461 2136 2519 2182 77
2553 2144 2577 2183 2
2619 2135 2708 2184 bis.
2743 2144 2788 2181 7.

2145 2357 2207 2406 10
2244 2360 2437 2406 Oduulf
2461 2359 2521 2405 77
2553 2367 2598 2406 2.

3644 488 3760 550 143

2220 683 2437 728 carrnine
2474 679 2681 740 denique
2718 681 3112 738 Anylosaaeonico
3143 678 3301 739 (Vids.
3337 678 3452 738 113)
3497 667 3756 739 Ii'astyotae

2225 749 2490 811 (Ostyotae)
2535 752 2780 808 sapientia
2814 764 2874 795 ac
2905 748 3142 808 probitas.
3217 753 3321 795 erat
3369 750 3607 796 nimirum
3648 763 3754 795 om-

2216 822 2358 865 nium
2410 833 2578 877 reyum
2632 818 2894 864 Gothorum
2947 823 3060 863 ante
3112 816 3490 864 Ermanaricum
3538 820 3757 864 clarissi-

2216 886 2371 934 mus'.
2449 887 2870 935 Musunsnorr.

2752 986 2764 1007 ⁸
2781 980 2974 1027 Ilnnuil
3000 984 3213 1028 nominis
3237 985 3362 1028 certe
3385 983 3612 1027 ultimam
3635 996 3756 1040 par-

2217 1056 2313 1097 tem
2348 1056 2631 1110 corruptam
2665 1064 2766 1097 esse
2799 1062 2941 1095 nemo
2977 1063 3079 1096 non
3102 1049 3248 1098 videt.
3326 1050 3376 1095 id
3413 1051 3554 1109 quale
3581 1048 3751 1108 suerit.

2215 1119 2447 1166 docemur
2481 1122 2696 1166 carmine
2732 1121 2817 1165 illo
2845 1119 3238 1177 Anylosatonico
3273 1118 3476 1165 Vidsithi
3504 1117 3619 1175 114,
3660 1134 3755 1179 quo

2218 1176 2450 1246 IZ'astyota
2474 1190 2670 1248 sapiens
2702 1188 2982 1247 probusque
3014 1193 3158 1247 pater
3181 1188 3378 1234 Unv13ni
3417 1188 3749 1247 praedicatur.

2216 1257 2411 1303 liunuil
2460 1259 2608 1315 iyitur
2652 1272 2741 1315 pro
2793 1256 2962 1303 Unvin
2999 1258 3098 1302 sive
3139 1255 3343 1316 Uann,
3399 1259 3526 1303 sicut
3562 1270 3673 1302 moa:
3711 1262 3753 1302 ct

2213 1326 2496 1373 Thiudimir
2544 1331 2589 1372 et
2627 1326 2929 1373 'l‘bindemer
2973 1326 3178 1384 leyitur,
3231 1328 3464 1384 scriptum
3503 1331 3603 1385 est,
3658 1339 3753 1385 quo

2210 1397 2407 1441 nomine
2455 1395 2654 1456 (Theod.
2685 1395 2890 1448 Unwim)
2934 1397 3148 1455 aliquem
3180 1400 3374 1454 praeter
3411 1409 3543 1455 spem
3579 1400 3754 1440 natum

2211 1462 2459 1523 desiynari
2493 1467 2612 1510 satis
2648 1468 2823 1510 nolum
2859 1468 2942 1510 est.
3007 1461 3076 1521 cf.
3117 1464 3327 1523 Ilauptii
3362 1469 3472 1509 acta
3510 1465 3752 1509 litteraria

2216 1531 2295 1590 12,
2338 1531 2484 1581 253‘.
2561 1533 2978 1580 Mumnssmiorr.

2705 1626 2882 1673 ‘Athal
2907 1627 3187 1686 appeblatur
3215 1642 3246 1672 a
3278 1625 3579 1674 Cassiodorio
3625 1626 3747 1683 (var.

2215 1694 2295 1757 11,
2331 1695 2619 1756 1),Athala.
2695 1699 2885 1757 sequior
2920 1694 3115 1753 forma,
3171 1710 3294 1755 quae
3329 1710 3507 1742 nomen
3542 1710 3751 1742 consue·

2210 1769 2315 1811 tum
2339 1770 2383 1810 et
2409 1765 2715 1812 ordinarium
2754 1765 2796 1816 h,
2829 1779 2870 1813 e.
2912 1768 3230 1824 compositum
3264 1765 3464 1824 indicat,
3508 1769 3562 1810 ut
3598 1755 3751 1831 Ἀγά-

2209 1830 2315 1881 θων
2349 1826 2677 1901 Ἀγαθοκλέα
2714 1833 2868 1892 facit,
2917 1846 3157 1892 personae
3193 1833 3447 1879 historicae
3484 1848 3568 1878 nec
3602 1835 3752 1891 plane

2207 1903 2448 1963 mythicae
2474 1905 2635 1962 mayis
2660 1906 2901 1950 convenit.
2963 1901 3259 1949 laudabatur
3296 1902 3559 1949 traditione
3594 1916 3752 1962 popu-

2210 1974 2321 2028 lari,
2363 1976 2421 2017 ut
2459 1974 2540 2018 ille
2578 1977 2798 2030 testatur,
2836 1985 2955 2030 prae
2993 1975 3159 2017 ceteris
3194 1974 3338 2030 reyiis
3365 1971 3626 2017 virtutibus
3651 1974 3752 2017 eius

2207 2040 2581 2088 mansuetudo'.
2657 2041 3080 2089 Mummmnorr.

2871 2134 2883 2158 ‘
2906 2136 3093 2182 Nomen
3137 2149 3393 2195 perperam
3441 2136 3613 2181 litteris
3667 2149 3746 2180 ea:-

2204 2218 2427 2263 pressum
2464 2209 2564 2260 est‚·
2602 2206 2869 2265 requiritur
2905 2206 3086 2263 Agiulf
3117 2208 3218 2251 sive
3255 2203 3510 2261 Agivun·'.
3575 2204 3751 2250 Mum.-

2208 2286 2479 2321 Lssxnorr.

2667 2361 2678 2383 ‘
2710 2358 2955 2420 Vulfilano
2979 2360 3092 2406 stilo
3119 2361 3386 2418 scripsisset
3411 2363 3584 2405 auctor
3607 2358 3748 2406 Aud-

2210 2430 2345 2475 vulss
2364 2428 2394 2475 '.
2471 2428 2893 2475 Mummmmrr.

2144 2512 2199 2561 11
2243 2514 2423 2561 Ansila
2463 2512 2524 2560 77
2557 2520 2602 2561 2.

2147 2598 2206 2647 12
2245 2600 2423 2647 Ediulr
2472 2598 2533 2645 77
2566 2608 2612 2647 2.
2682 2599 2867 2658 Γοριιὶα
2906 2602 2959 2646 in
2995 2604 3225 2660 quattuor
3271 2601 3497 2647 membris
3540 2599 3750 2647 secundo

2212 2670 2315 2715 loco
2352 2674 2618 2729 quartoque
2655 2670 2769 2713 solis
2818 2668 3008 2714 adiecta
3058 2684 3357 2730 quamquam
3406 2684 3517 2717 raro
3566 2673 3747 2729 reperi·

2212 2744 2307 2799 tur,
2352 2743 2519 2785 tamen
2555 2738 2776 2797 exempla
2802 2740 2906 2784 alia
2930 2736 3114 2784 adsunt
3150 2737 3198 2799 G,
3236 2737 3314 2787 19.
3363 2737 3475 2798 107,
3507 2736 3601 2786 22:
3650 2740 3747 2784 ita-

2211 2821 2301 2867 que
2337 2820 2440 2855 non
2476 2812 2599 2854 recte
2639 2806 2697 2852 de
2729 2808 2930 2871 lectione
2967 2806 3172 2853 dubium
3207 2810 3353 2854 movi.

2156 2893 2215 2941 13
2258 2892 2499 2939 Vultuulf
2522 2891 2582 2939 77
2614 2900 2662 2940 2.
2689 2902 2735 2940 3.
2790 2891 3092 2940 Vultuulsus
3123 2891 3211 2940 121
3242 2901 3321 2940 17.
3379 2894 3491 2940 ‘Ita
3514 2896 3750 2952 scriptum

2215 2966 2282 3007 est
2313 2976 2406 3021 pro
2449 2961 2819 3010 Vulthuvulss'.
2895 2961 3316 3010 Munnmzxfflorr.

2149 3047 2208 3095 14
2246 3048 2612 3094 unumst-mma
2628 3062 2714 3094 res:
2739 3046 2798 3094 77
2828 3054 2873 3095 2.
2917 3049 3302 3096 liermanaricus
3324 3048 3382 3094 77
3412 3058 3457 3096 7.
3502 3047 3565 3094 SS
3592 3058 3638 3096 13.
3673 3057 3749 3097 17.

2220 3126 2298 3165 18.
2342 3115 2405 3163 89
2436 3126 2482 3165 3.
2525 3115 2926 3166 9111.115.21.
2976 3116 3299 3167 12115.1ῖ.
3344 3116 3517 3167 12211.
3580 3116 3755 3177 ‘Apud

2214 3186 2535 3232 Ammianum
2561 3185 2914 3233 Marcellinum
2956 3185 3056 3245 (31,
3091 3184 3140 3245 3,
3177 3185 3241 3243 1),
3287 3200 3426 3247 quem
3463 3200 3536 3231 res
3572 3192 3750 3245 yestas,

2213 3270 2332 3316 quas
2368 3253 2549 3301 Latino
2585 3256 2696 3301 stilo
2734 3259 3057 3301 enarraturus
3093 3262 3229 3314 esset,
3265 3259 3483 3315 primum
3521 3269 3666 3302 suum
3702 3258 3754 3302 in

2212 3337 2358 3371 usum
2386 3324 2583 3370 Graecis
2609 3325 2784 3371 litteris
2809 3326 3119 3383 consiynasse
3145 3330 3188 3371 et
3214 3331 3594 3371 consentaneum
3618 3329 3687 3370 est
3710 3330 3753 3371 et

2212 3393 2496 3441 nominibus
2533 3395 2835 3440 Germanicis
2880 3394 3014 3453 apud
3062 3409 3173 3440 eum
3219 3395 3370 3441 obviis
3418 3398 3540 3441 satis
3588 3394 3754 3440 decla-

2212 3467 2369 3520 ratur,
2411 3477 2592 3510 nomen
2628 3467 2774 3510 etiam
2819 3462 3197 3510 ‘bellicosissimi
3231 3466 3359 3522 reyis
3394 3469 3439 3509 et
3472 3477 3562 3523 per
3594 3465 3756 3509 multa

2212 3534 2449 3592 variaque
2495 3530 2690 3591 fortiter
2738 3531 2877 3589 faeta
2923 3534 3098 3578 vicinis
3144 3532 3431 3580 nationibus
3475 3528 3753 3590 formidati’

2216 3601 2570 3648 Ermenrichus
2604 3615 2776 3659 yraeco
2811 3614 2946 3648 more
2984 3604 3219 3661 scriptum
3252 3604 3521 3649 invenitur.
3592 3601 3754 3648 Gotice

2213 3674 2384 3716 utrum
2422 3669 2793 3717 Airmsnareiks
2835 3684 2903 3716 an
2939 3671 3284 3717 Airmnsreiks
3331 3670 3514 3731 suerit,
3566 3669 3750 3717 dubito.

2213 3738 2509 3786 carminibus
2551 3738 2823 3785 Theodiscis
2861 3739 3146 3798 Ermenrih,
3191 3740 3598 3798 Anylosaaeonicis
3637 3740 3756 3786 Eor-

2214 3807 2423 3865 mentio,
2469 3807 2728 3854 Norroenis
2755 3810 3073 3855 16rmu11rekr
3097 3809 3451 3860 celebrabatur.
3512 3823 3623 3855 eum
3646 3823 3758 3855 cum

2214 3892 2314 3923 non
2350 3879 2511 3922 solum
2542 3879 2942 3936 potentissimum
2979 3877 3061 3924 sed
3098 3883 3142 3924 et
3167 3881 3532 3936 avarissimum,
3572 3881 3756 3924 saevis·

2214 3948 2410 4003 simum,
2453 3944 2969 4003 fraudulentissimum
3006 3946 3161 4005 fuisse
3197 3947 3338 4004 fama
3366 3945 3515 4004 ferat,
3566 3947 3758 3993 Cassio·

2215 4015 2381 4060 dorius
2425 4015 2594 4074 (supra
2624 4030 2677 4074 p.
2723 4014 2803 4074 76)
2848 4019 2975 4062 inter
3004 4022 3256 4075 parentes,
3308 4029 3515 4076 quorum
3551 4019 3754 4062 virtutes

2218 4084 2602 4131 Amalasuintha
2647 4082 2917 4144 referebat,
2971 4099 3060 4131 cur
3107 4099 3210 4132 non
3254 4087 3551 4143 nominarit,
3605 4083 3758 4142 facile

2218 4154 2536 4211 intelleyitur.
2609 4152 2721 4200 vide
2769 4154 2980 4213 Hauptii
3027 4159 3141 4200 acta
3187 4155 3426 4201 litteraria
3481 4153 3559 4213 12,
3607 4152 3750 4201 254⁴.

2218 4222 2639 4271 Mussunnnorr.

2156 4307 2214 4355 15
2256 4309 2562 4355 Valaravans
2598 4306 2659 4353 77
2692 4317 2717 4356 3
2746 4308 2833 4356 bis.
2915 4308 2928 4332 ‘
2952 4308 3249 4355 Vocabulum
3287 4313 3357 4355 est
3380 4322 3507 4356 mere
3532 4309 3756 4356 Goticum

2220 4377 2559 4424 Vals-hrsbns
2579 4413 2592 4438 ‚
2643 4393 2673 4423 a
2721 4390 2815 4438 quo
2872 4377 3188 4424 Theodiscum
3236 4378 3482 4424 Walursm
3527 4379 3758 4437 paullum

2220 4446 2425 4507 differt'.
2503 4446 2924 4493 MURLLBNHOFP.

2156 4540 2216 4589 16
2256 4541 2596 4588 Gesimundus
2638 4539 2727 4588 121
2759 4548 2840 4591 23.
2903 4540 3152 4588 Excidisse
3178 4543 3230 4588 in
3254 4542 3413 4589 altera
3437 4544 3584 4601 stirpe
3608 4556 3753 4599 yene-

2220 4612 2459 4656 rationem
2495 4609 2686 4656 duobus
2722 4609 2916 4656 indiciis
2951 4611 3217 4668 colliyitur.
3290 4614 3508 4670 primum
3556 4610 3755 4657 Vanda-

2220 4680 2375 4726 larius
2415 4679 2676 4726 Vinitharii
2712 4678 2754 4738 f.
2795 4684 2840 4725 et
2887 4679 3175 4725 Thorismud
3201 4679 3517 4726 Hunimundi
3552 4679 3596 4738 f.
3638 4695 3757 4726 con-

2220 4749 2405 4795 sobrini
2440 4749 2755 4807 appellantur
2786 4763 2839 4808 p.
2886 4746 3056 4808 12:31,
3110 4747 3160 4794 id
3210 4749 3340 4808 quod
3383 4752 3586 4809 requirit
3634 4751 3762 4796 inter

2220 4818 2431 4864 alterum
2468 4821 2641 4864 utrum
2676 4821 2720 4863 et
2756 4831 3035 4863 communes
3071 4819 3137 4862 eis
3159 4819 3364 4863 maiores
3387 4821 3759 4876 yenerationum

2220 4899 2486 4933 numerum
2521 4886 2745 4933 eundem.
2823 4885 2999 4933 deinde
3030 4900 3082 4945 p.
3131 4884 3216 4932 121
3254 4895 3314 4933 23
3355 4889 3440 4946 qui
3475 4888 3759 4945 appellatur

2223 4954 2554 5001 Gesimundus
2600 4955 2925 5002 Hunimundi
2977 4957 3151 5012 mayni
3203 4956 3336 5017 silius
3391 4971 3419 5001 a
3474 4958 3759 5013 yeneaLoyia

2222 5025 2368 5084 abest,
2411 5038 2525 5069 cum
2560 5025 2739 5084 reliqui
2771 5024 2957 5082 Amali‚
2998 5023 3285 5085 quibuscum
3320 5027 3619 5084 nominatur,
3663 5024 3758 5071 ad-

2224 5096 2323 5139 sint
2348 5095 2400 5139 in
2426 5108 2484 5139 ea
2501 5106 2684 5140 omnes.
2737 5093 2940 5152 accedit,
2972 5107 3263 5154 quamquam
3287 5095 3331 5139 ei
3350 5098 3635 5152 aryumento
3655 5108 3758 5141 non

2222 5164 2438 5209 multum
2474 5161 2787 5208 tribuendum
2822 5167 2916 5221 est,
2970 5161 3098 5222 quod
3139 5162 3430 5209 Eutharicus
3467 5169 3511 5210 et
3547 5164 3758 5209 Amata-

2224 5231 2427 5277 suentba
2464 5229 2637 5276 addita
2677 5234 2992 5289 yeneratione
3038 5231 3251 5277 eiusdem
3298 5232 3480 5289 yradus
3527 5231 3757 5292 efficiun-

2224 5304 2321 5348 tur.
2351 5326 2419 5333 —
2447 5297 2551 5355 Quo
2588 5301 2692 5346 loco
2724 5301 3056 5348 (iesimundus
3092 5299 3472 5359 interponendus
3496 5304 3576 5359 sit,
3612 5304 3760 5346 omis-

2225 5383 2308 5415 sus
2332 5372 2532 5415 omnino
2554 5382 2657 5415 non
2681 5368 2993 5415 librariorum
3017 5370 3187 5428 culpa,
3227 5368 3309 5415 sed
3335 5373 3563 5430 auctoris,
3599 5373 3760 5428 mayis

2225 5437 2423 5484 dubium
2472 5442 2558 5485 est.
2646 5438 2934 5485 crediderim
2988 5443 3151 5485 tamen
3207 5452 3319 5483 eum
3372 5438 3607 5485 excidisse
3660 5452 3761 5484 non

2225 5510 2350 5554 inter
2374 5506 2760 5554 Hunimundum
2797 5512 2841 5553 et
2884 5507 3313 5567 Thorismundum,
3354 5507 3437 5553 sed
3476 5511 3600 5554 inter
3635 5508 3761 5554 Her-

2223 5577 2534 5622 manaricum
2579 5581 2624 5622 et
2674 5576 3058 5622 Hunimundum
3105 5581 3303 5636 propter
3351 5575 3475 5622 duas
3521 5579 3755 5626 rationes.

2228 5643 2612 5692 Hunimundum
2650 5661 2762 5692 cum
2794 5650 2992 5704 propter
3038 5645 3252 5704 formam
3293 5645 3531 5692 celebrent
3568 5651 3612 5691 et
3649 5647 3759 5690 Ior-

2226 5716 2377 5761 danes
2414 5718 2460 5759 et
2510 5717 2611 5773 ipse
2654 5714 2988 5761 Pausiodorius
3008 5750 3019 5764 .
3072 5717 3262 5761 iuvenis
3308 5728 3509 5773 reynare
3557 5715 3760 5774 coeperit

2225 5796 2411 5832 necesse
2449 5787 2546 5838 ατη·
2599 5788 2650 5828 at
2691 5784 3037 5830 Ermanaricus
3083 5798 3196 5829 cum
3231 5783 3359 5829 diem
3395 5783 3565 5830 obierit
3602 5797 3760 5829 annos
