4882 6775
1830 572 1834 576 ,
1904 508 2360 563 PRoonnssvM.
3667 502 3788 573 IX-

510 752 677 815 0880,
731 733 1240 816 conveniuntque
1287 733 1548 816 egregie
1595 733 1810 799 studia
1854 732 2128 798 Gothica
2172 733 2438 797 huiusce
2487 731 2693 797 libelli
2741 752 2883 797 cum
2931 732 3179 814 origine
3225 732 3365 797 eius
3410 752 3491 797 ex
3536 733 3767 797 castris

513 852 937 918 Danuvianis.
986 890 1071 900 --
1118 853 1504 919 Cassiodorii
1552 853 1690 919 sine
1738 853 1932 918 dubio
1976 853 2255 935 vestigia
2301 821 2792 934 legens'auetor
2835 851 2916 917 (10
2962 871 3211 917 8111111110
3257 872 3326 917 10
3369 852 3631 937 publica
3672 852 3766 917 ita

502 970 751 1039 iudicat
793 972 1101 1038 mundum
1146 974 1230 1038 ab
1274 974 1659 1059 imperatore
1703 972 2018 1057 pendere,
2077 972 2476 1058 imperatoris
2519 980 2735 1039 autem
2781 974 3056 1039 salutem
3102 994 3144 1037 a
3202 972 3433 1038 studiis
3489 973 3556 1038 in
3617 993 3762 1038 eum

507 1091 880 1158 Gothorum.
973 1094 1066 1159 ita
1108 1094 1456 1159 Athaulfus
1500 1094 2009 1177 Vesegotharum
2068 1113 2181 1158 rex
2224 1092 2576 1158 Placidiam
2639 1094 2900 1159 Honorii
2958 1113 3236 1159 sororem
3293 1092 3441 1159 ideo
3500 1114 3764 1160 uxorem

505 1211 698 1294 ducit,
753 1220 824 1277 ut
866 1219 1170 1280 terrorem
1215 1214 1435 1279 iniciat
1478 1214 1867 1279 adversariis
1905 1214 2221 1278 ‘adunata
2253 1213 2483 1279 Gothis
2528 1234 2595 1278 re
2626 1214 2909 1297 publica’
2953 1215 3028 1304 (0.
3067 1218 3168 1295 31,
3215 1217 3385 1297 160).
3467 1214 3765 1280 similiter

504 1331 857 1416 eodemque
901 1334 1156 1400 omnino
1201 1341 1456 1400 01101010
1502 1335 1811 1399 Iordanes
1855 1334 1975 1399 hoc
2018 1335 2362 1418 praecipue
2406 1333 2473 1398 in
2518 1332 2915 1399 Theoderico
2960 1334 3212 1416 laudat,
3280 1335 3448 1416 quod
3495 1354 3766 1401 consen-

503 1452 701 1518 tiente
761 1461 827 1520 et
881 1453 1279 1539 adprobante
1337 1455 1720 1539 imperatore
1765 1455 2024 1520 Zenone
2070 1454 2260 1520 Italia
2318 1453 2561 1539 potitus
2621 1460 2722 1519 est
2773 1460 2868 1535 01,
2937 1461 3007 1520 111
3047 1454 3252 1539 ipsius
3296 1455 3763 1537 quodammodo

510 1573 724 1649 verbis
768 1581 929 1657 utar,
985 1574 1112 1640 sibi
1156 1574 1461 1657 conflixit,
1513 1574 1612 1639 1111
1657 1574 1811 1640 vicit
1864 1576 1936 1657 (c.
1981 1577 2086 1655 57,
2124 1577 2302 1656 291).
2393 1573 2465 1638 id
2512 1594 2624 1639 cur
2666 1574 2904 1638 factum
2952 1573 3065 1656 sit,
3118 1594 3194 1639 00
3239 1574 3602 1641 evidentius
3648 1598 3767 1661 ap-

506 1700 720 1777 paret,
787 1695 960 1777 quod
1019 1716 1172 1761 vere
1232 1697 1429 1780 plane
1474 1695 1667 1760 aliter
1709 1713 1814 1760 res
1858 1701 2238 1760 evenerunt:
2311 1715 2458 1759 nam
2504 1694 2679 1759 Zeno
2735 1694 3081 1779 imperator
3123 1694 3590 1785 Theodericum
3638 1717 3764 1762 non

508 1812 750 1879 dimisit
808 1815 930 1880 nisi
977 1822 1312 1901 postquam
1358 1817 1460 1882 bis
1504 1814 1978 1900 expeditionem
2026 1821 2245 1880 contra
2288 1814 2500 1898 ipsum
2545 1836 2659 1879 rex
2716 1815 2998 1899 suscepit
3040 1821 3106 1880 01
3149 1816 3762 1901 Constantinopolim

507 1940 753 2000 tantum
798 1956 923 2000 non
970 1936 1400 2021 expugnavit,
1460 1936 1525 2000 vi
1572 1942 1827 2001 coactus
1870 1935 2066 2018 igitur
2109 1942 2174 2000 01
2216 1935 2441 2000 11101011
2487 1936 2658 1999 malo
2705 1935 2915 2000 minus
2959 1935 3329 2019 praeferens
3383 1936 3553 2020 (vide
3599 1958 3766 2021 quae

511 2056 782 2139 exposui
837 2055 923 2121 ad
979 2077 1147 2121 nova
1205 2056 1569 2139 fragmenta
1625 2054 1931 2120 Iohannis
1990 2055 2374 2120 Antiocheni
2432 2056 2710 2121 Hermae
2766 2056 2896 2119 vol.
2949 2060 2986 2119 6
3039 2077 3104 2140 p.
3157 2058 3330 2137 333).
3442 2064 3511 2122 at
3570 2057 3764 2124 Gothi

509 2175 856 2260 scriptores
900 2177 1118 2242 litibus
1165 2184 1231 2242 et
1272 2177 1507 2261 pugnis
1550 2176 1684 2241 illis
1731 2176 2094 2260 suppressis
2137 2175 2608 2240 Theodericum
2655 2175 2735 2240 (10
2782 2175 3047 2239 consilio
3091 2176 3371 2240 Zenonis
3416 2184 3480 2242 et
3525 2177 3585 2243 ei
3629 2199 3770 2243 ma-

506 2296 607 2379 gis
668 2318 860 2380 quam
921 2297 1043 2362 sibi
1104 2298 1540 2363 consulentem
1598 2302 1862 2361 narrant
1915 2297 2167 2361 Italiam
2226 2295 2590 2361 intravisse.
2705 2295 2934 2360 eodem
2993 2294 3206 2360 01111110
3265 2297 3620 2380 praemium
3682 2299 3764 2364 ab

509 2416 894 2501 imperatore
932 2417 999 2482 in
1031 2418 1497 2484 Theodericum
1543 2417 1843 2483 collatum
1890 2417 2288 2482 consulatum
2334 2415 2728 2481 ordinarium
2781 2418 3134 2480 ‘summum
3179 2416 3413 2480 bonum
3458 2417 3770 2501 primum-

516 2539 675 2617 ‘que
719 2536 785 2601 in
832 2538 1070 2604 mundo
1117 2537 1344 2603 decus’
1407 2545 1629 2603 auctor
1686 2537 2020 2622 praedicat
2085 2539 2161 2617 (0.
2215 2542 2319 2617 57,
2373 2540 2549 2619 289).
2644 2557 2770 2601 11011
2813 2536 3002 2601 011101
3043 2536 3255 2620 ipsum
3299 2536 3766 2604 Theodericum

507 2657 932 2722 Romanorum
977 2657 1216 2742 pariter
1258 2664 1449 2740 atque
1495 2657 1844 2723 Gothorum
1891 2677 2107 2740 regem
2154 2677 2257 2722 res
2303 2656 2549 2722 narrari
2594 2657 2877 2722 voluisse
2923 2656 3254 2722 annalium
3300 2659 3767 2725 Ravennatium

506 2776 816 2860 reliquiae
878 2779 1236 2845 luculenter
1292 2778 1666 2859 ostendunt,
1736 2785 1801 2843 et
1852 2785 1923 2842 ut
1968 2777 2165 2843 fucati
2210 2777 2277 2841 hi
2323 2778 2567 2843 colores
2612 2777 2817 2862 ipsius
2861 2777 3045 2859 regni
3090 2777 3588 2844 Theodericiani
3635 2786 3770 2845 star

504 2902 639 2961 tum
686 2897 1030 2981 illustrant,
1082 2899 1173 2964 ita
1218 2920 1300 2965 ne
1345 2899 1754 2965 Cassiodorio
1799 2897 2082 2981 quidem,
2135 2896 2370 2991 nedum
2415 2897 2674 2963 Iordani
2719 2897 2958 2982 proprii
3004 2904 3171 2963 sunt.
3263 2897 3379 2963 sed
3424 2919 3574 2965 cum
3618 2920 3770 2965 nar-

508 3017 821 3084 rationem
871 3039 1081 3085 rerum
1126 3027 1269 3104 post
1314 3020 1556 3085 obitum
1588 3016 1971 3084 Theoderici
2017 3024 2346 3100 gestarum
2388 3018 2458 3082 in
2503 3024 2726 3083 neutro
2773 3037 2965 3102 opere
2997 3038 3077 3083 ex
3110 3017 3514 3084 Cassiodorio
3547 3039 3768 3106 sump-

505 3144 637 3203 tam
686 3157 831 3204 esse
877 3147 1157 3223 constet,
1209 3140 1319 3224 qui
1361 3139 1451 3206 ibi
1496 3147 1812 3224 apparent
1857 3140 2127 3204 affectus
2172 3139 2311 3204 iure
2358 3139 2444 3204 ad
2488 3139 2699 3223 ipsum
2743 3136 3081 3204 Iordanem
3125 3139 3504 3205 referentur.
3598 3139 3770 3223 quod

505 3258 561 3322 si
618 3258 729 3341 qui
791 3259 964 3326 dicat
1022 3281 1174 3326 vere
1233 3260 1394 3326 haec
1454 3260 1678 3326 referri
1737 3259 1876 3325 81110
1938 3259 2161 3344 spiritu
2223 3260 2389 3340 11110,
2459 3280 2583 3324 11011
2635 3280 2956 3343 repugno:
3023 3258 3219 3323 immo
3275 3260 3770 3326 admiratoribus

506 3399 717 3444 rerum
773 3379 911 3447 sine
974 3381 1071 3446 ira
1129 3389 1195 3448 et
1253 3381 1465 3448 studio
1526 3381 2028 3447 enarrandarum
2072 3380 2211 3446 iure
2257 3379 2806 3445 commendabitur
2849 3378 3008 3444 belli
3052 3378 3307 3444 Gothici
3353 3379 3624 3446 extremi
3668 3403 3770 3447 re-

508 3499 662 3564 latio
707 3500 1117 3567 Iordaniana.
1214 3503 1330 3568 sed
1393 3502 1474 3567 de
1532 3501 1716 3584 regni
1762 3500 2256 3566 Theodericiani
2315 3499 2567 3565 excidio
2627 3500 2736 3583 qui
2796 3499 2859 3564 01
2918 3498 3211 3565 81111(111118
3257 3500 3380 3565 fuit
3420 3501 3637 3566 nullus
3681 3502 3773 3568 ita

506 3618 747 3685 referre
808 3622 1046 3704 potuit,
1117 3628 1186 3686 ut
1245 3622 1490 3687 rettulit
1546 3621 1890 3704 Iordanes,
1960 3621 2166 3705 potuit
2217 3620 2465 3684 Gothus
2521 3620 2589 3684 in
2633 3619 2878 3684 Moesia
2922 3618 3280 3684 Thraciave
3340 3619 3586 3703 degens
3644 3643 3771 3688 non

508 3739 762 3804 alienus
804 3761 846 3805 a
889 3741 1221 3824 gentilicia
1273 3741 1554 3823 quadam
1617 3740 1953 3825 superbia,
2020 3740 2136 3805 sed
2196 3740 2263 3804 in
2322 3739 2443 3804 hoc
2499 3741 2673 3805 bello
2718 3746 2935 3825 partes
2981 3739 3437 3823 Byzantiorum
3485 3748 3763 3808 secutus.

509 3859 756 3926 scilicet
798 3861 854 3926 si
900 3882 1046 3927 eum
1092 3862 1408 3944 audimus,
1469 3860 2098 3927 cumTheodericus
2143 3860 2419 3925 moriens
2464 3860 2533 3924 in
2576 3859 2805 3925 eadem
2851 3859 3180 3940 fidelitate,
3235 3880 3363 3942 qua
3409 3862 3773 3946 expeditio-

511 3999 657 4045 nem
718 3980 786 4046 in
841 3982 1097 4047 Italiam
1155 3989 1553 4067 susceperat,
1618 4000 1767 4047 suos
1835 3979 2221 4065 ‘principem
2269 3980 2550 4046 Orientis
2603 3980 2927 4064 placatum
2990 3999 3244 4063 semper
3302 3981 3773 4067 propitiumque

518 4100 792 4166 ‘habere
856 4101 1156 4169 iussisset
1219 4110 1364 4187 post
1437 4102 1656 4168 deum’
1744 4104 1783 4185 (‘
1806 4107 2127 4167 terrenum
2196 4100 2332 4165 sine
2399 4099 2596 4166 dubio
2663 4100 2882 4165 deum’
2957 4100 3407 4184 imperatorem
3480 4104 3773 4187 appellat

512 4240 568 4284 0.
621 4223 723 4302 28,
783 4225 969 4305 143),
1036 4222 1081 4287 ii
1126 4223 1192 4287 in
1238 4243 1400 4307 pace
1445 4222 1744 4287 vixerunt
1789 4227 2034 4286 tutante
2077 4221 2191 4286 illo
2237 4240 2506 4305 puerum
2575 4225 2984 4303 ‘regnantem
3030 4227 3093 4286 01
3138 4228 3403 4287 matrem
3448 4222 3763 4288 viduam’.
3854 4248 3871 4263 ·

512 4347 579 4405 at
624 4361 767 4406 cum
810 4342 1184 4408 Athalarico
1231 4342 1532 4408 defuncto
1577 4348 1783 4407 mater
1823 4341 1891 4405 in
1937 4341 2200 4406 tutelam
2250 4362 2319 4406 se
2365 4341 2966 4422 matrimoniumque
3010 4340 3437 4408 Theodahadi
3483 4343 3772 4410 dedisset

513 4468 578 4527 et
619 4463 702 4526 ab
748 4482 823 4528 00
868 4463 1002 4528 vita
1046 4463 1299 4548 privata
1344 4468 1547 4544 esset,
1602 4462 1994 4527 Iustinianus
2037 4461 2122 4526 ad
2169 4462 2473 4527 ultionem
2529 4464 3002 4546 ‘susceptorum
3047 4465 3334 4527 suorum'
3383 4464 3768 4530 Belisarium

512 4580 579 4645 in
624 4582 880 4648 Italiam
941 4583 1148 4666 misit,
1218 4603 1492 4665 eumque
1547 4583 1757 4647 iustae
1815 4602 2063 4666 poenae
2119 4581 2345 4647 fortem
2405 4588 2810 4647 executorem
2869 4582 3064 4647 tantis
3121 4582 3422 4647 laudibus
3465 4583 3772 4651 Iordanes

511 4702 795 4784 extollit,
863 4713 933 4769 ut
990 4723 1144 4788 prae
1204 4724 1279 4769 eo
1336 4702 1741 4788 imperatoris
1800 4701 2266 4785 quodammodo
2324 4701 2760 4767 obliviscatur.
2856 4702 3020 4767 haee
3078 4708 3178 4767 081
3229 4702 3512 4768 narratio
3558 4705 3768 4787 qualis

510 4823 769 4907 publice
815 4824 1127 4889 edebatur
1169 4822 1756 4908 Constantinopoli,
1824 4829 1894 4887 ut
1953 4821 2248 4888 similiter
2291 4820 2457 4887 redit
2501 4821 2675 4906 apud
2719 4820 3162 4886 Marcellinum
3207 4822 3406 4887 001180
3447 4823 3604 4888 110111
3649 4847 3771 4909 pu-

511 4942 676 5009 blice
722 4944 1056 5010 enuntiata
1101 4944 1336 5009 caedes
1379 4942 1950 5012 Amalasuenthae.
2045 4949 2215 5007 10010
2261 4941 2536 5025 denique
2581 4941 2910 5010 0110101111
2955 4961 3031 5006 eo
3076 4941 3245 5024 finit,
3313 4942 3481 5025 quod
3543 4945 3769 5011 ultima
3804 4940 3808 4943 ’

510 5063 780 5129 Α1110100
840 5065 1086 5148 gentiS,
1166 5063 1547 5132 Theoderici
1607 5063 1819 5147 neptis
1875 5062 2369 5127 Mathesuentha
2436 5061 2503 5125 in
2561 5061 2818 5126 domum
2874 5062 3350 5146 imperatoriam
3412 5063 3769 5132 adsumitur

515 5191 714 5269 nupta
757 5184 972 5251 fratris
1014 5184 1417 5269 imperatoris
1462 5183 1594 5250 filio
1630 5183 1953 5249 Germano
1998 5189 2063 5247 et
2105 5183 2196 5247 ita
2248 5181 2611 5246 ‘laudanda
2655 5181 2996 5266 progenies
3041 5183 3452 5249 laudabiliori
3496 5185 3771 5272 principi

522 5305 783 5370 ‘cessit'
842 5308 915 5387 (0.
967 5310 1072 5388 60,
1128 5307 1303 5388 315).
1400 5311 1590 5370 natus
1636 5325 1718 5370 ex
1763 5324 1839 5369 00
1885 5302 2285 5368 matrimonio
2332 5308 2513 5386 patre
2561 5301 2860 5367 defuncto
2904 5301 3076 5368 filius
3120 5310 3450 5388 postumus
3497 5305 3769 5372 Germa-

511 5445 632 5490 nus
689 5425 1052 5493 ‘coniuncto
1095 5426 1466 5491 Amalorum
1511 5444 1751 5508 genere
1797 5444 1942 5489 cum
1990 5422 2192 5506 stirpe
2237 5421 2605 5487 Aniciorum
2651 5441 2829 5507 spem
2876 5422 3090 5488 adhuc
3135 5423 3466 5507 utriusque
3511 5427 3768 5508 generis

515 5545 809 5611 ‘domino
855 5553 1221 5631 praestante
1266 5544 1603 5630 promittit‘
1659 5545 1737 5628 (0.
1774 5548 1878 5626 60,
1919 5545 2096 5624 315).
2190 5542 2414 5606 harum
2463 5562 2670 5608 rerum
2716 5542 3023 5608 Iordanes
3067 5543 3536 5626 quodammodo
3581 5565 3766 5632 spec-
3893 5599 3901 5609 .

508 5673 672 5732 tator
731 5666 851 5731 fuit
923 5669 1087 5748 (nam
1147 5665 1303 5732 obiit
1347 5665 1710 5730 Germanus
1756 5662 2060 5729 Serdicae
2120 5663 2187 5726 in
2231 5663 2437 5728 Dacia
2496 5662 2969 5728 mediterranea
3017 5663 3386 5750 ibidemque
3431 5666 3763 5749 probabile

509 5795 608 5853 081
650 5787 852 5851 filium
897 5793 1115 5852 natum
1163 5788 1370 5870 esse),
1439 5792 1503 5851 01
1562 5785 1618 5850 81
1671 5784 1826 5868 quid
1872 5783 2027 5849 certi
2072 5783 2137 5848 in
2182 5791 2393 5850 mente
2439 5784 2667 5849 habuit
2713 5784 2795 5849 (10
2840 5783 3085 5849 infante
3130 5804 3206 5849 00
3249 5780 3572 5869 tempore,
3639 5807 3765 5869 quo

660 5906 774 5952 ιοιω
775 5918 903 5950 22222
3311 5905 3349 5961 b
