4882 6775
1121 466 1242 526 136
2459 414 2463 419 ’
2567 457 2929 513 loRnAms
3030 533 3038 540 ,

705 651 918 718 LVIII
948 652 1072 715 303
1118 649 1389 735 pepulit,
1444 656 1509 714 et
1553 669 1755 732 usque
1802 649 1952 714 dum
2000 649 2284 730 viveret,
2336 648 2738 731 Vesegothas
2785 648 3128 713 contenuit.
3227 656 3371 733 post
3414 668 3604 731 quem
3651 647 4184 730 Thiudigisglosa
4231 664 4375 728 reg-

1118 774 1271 818 num
1330 752 1638 836 adeptus,
1708 773 1834 817 non
1880 752 1991 817 diu
2037 771 2315 834 regnans
2361 751 2600 816 defecit
2644 751 2890 816 occisus
2951 772 2991 815 a
3041 752 3196 815 suiS.
3292 753 3394 816 cui
3430 751 3811 817 succedens
3868 752 4181 815 hactenus
4226 749 4373 831 Agil

1117 856 1397 921 continet
1453 875 1742 938 regnum.
1855 862 2074 920 contra
2132 874 2320 935 quem
2380 853 2812 937 Atanagildus
2868 854 3212 937 insurgens
3270 855 3537 920 Romani
3603 855 3785 937 regni
3846 854 4120 919 concitat
4178 852 4367 933 vires,

1118 958 1227 1023 ubi
1275 964 1340 1023 et
1396 958 1689 1023 Liberius
1750 958 2056 1041 patricius
2119 977 2262 1021 cum
2327 956 2610 1021 exercitu
2659 956 3040 1021 destinatur.
3134 977 3252 1022 nec
3314 958 3435 1022 fuit
3478 958 3544 1021 in
3600 966 3781 1041 parte
3842 957 4112 1021 occidua
4171 975 4365 1039 gens,

1116 1082 1284 1145 quae
1327 1061 1744 1140 Theodoric0‚
1798 1060 1949 1124 dum
1996 1060 2348 1141 adviveret,
2404 1067 2518 1124 aut
2563 1059 2844 1124 amicitia
2890 1068 3003 1123 aut
3047 1060 3439 1125 subiectione
3485 1080 3610 1124 non
3657 1060 4027 1125 deserviret.
4415 1077 4440 1115 ⁵

759 1168 909 1232 LIX
954 1169 1079 1231 304
1298 1164 1428 1230 Sed
1470 1172 1809 1250 postquam
1856 1164 1942 1229 ad
1987 1164 2235 1229 senium
2282 1163 2685 1247 pervenisset
2729 1170 2793 1228 et
2839 1183 2907 1227 se
2952 1163 3020 1226 in
3063 1162 3242 1228 brevi
3286 1165 3369 1229 ab
3412 1164 3534 1227 hac
3581 1164 3721 1228 luce
3768 1182 4175 1244 egressurum
4225 1181 4376 1244 cog-

1116 1275 1450 1349 nusceret,
1504 1287 1861 1332 convocans
1908 1266 2151 1331 Gothos
2211 1267 2479 1332 comites
2525 1267 2862 1350 gentisque
2924 1286 3080 1331 suae
3140 1267 3447 1351 primates
3491 1266 3929 1331 Athalaricum
3985 1265 4374 1330 infantulum

1116 1371 1329 1435 adhuc
1371 1370 1481 1433 vix
1526 1369 1912 1449 decennem,
1983 1370 2182 1435 filium
2244 1370 2416 1434 filiae
2465 1390 2620 1434 suae
2668 1370 3251 1449 Amalasueuthae,
3318 1371 3425 1453 qui
3472 1369 3813 1433 Eutharico
3874 1376 4054 1453 patre
4117 1369 4376 1454 orbatus

1114 1480 1285 1555 erat,
1347 1493 1566 1556 regem
1631 1473 1956 1537 constituit
1976 1476 2046 1556 ¹),
2113 1473 2333 1555 eisque
2378 1473 2444 1536 in
2491 1472 2811 1537 mandatis
2869 1492 2945 1536 ac
3007 1473 3062 1536 si
3119 1472 3553 1537 testamentali
3610 1492 3765 1536 voce
3824 1471 4241 1550 denuntianS,
4309 1477 4378 1535 ut

1113 1597 1332 1660 regem
1390 1576 1705 1656 colerent,
1774 1584 2068 1641 senatum
2141 1576 2576 1659 populumque
2637 1576 2994 1639 Romanum
3076 1583 3365 1640 amarent
3436 1574 3920 1660 principemque
3982 1574 4374 1639 Orientalem
4421 1590 4476 1631 ιο

949 1682 1071 1744 305
1118 1681 1443 1764 placatum
1490 1698 1745 1763 semper
1787 1679 2258 1763 propitiumque
2304 1679 2618 1743 haberent
2675 1686 2819 1762 post
2863 1678 3075 1742 deum.
3173 1678 3344 1761 quod
3388 1687 3796 1762 praeceptum
3832 1677 4141 1759 quamdiu
4171 1678 4375 1742 Atha-

1119 1782 1358 1848 laricus
1404 1802 1515 1847 rex
1563 1782 1829 1869 eiusque
1874 1790 2079 1847 mater
2124 1781 2523 1859 adviverent,
2575 1782 2640 1846 in
2689 1782 2983 1846 omnibus
3031 1782 3464 1848 custodientes
3508 1802 3674 1865 pene
3719 1802 3835 1865 per
3878 1787 4016 1845 octo
4061 1800 4264 1844 annos
4307 1780 4371 1844 in

1115 1905 1277 1969 pace
1322 1892 1706 1968 regnarunt:
1759 1886 2053 1967 quamvis
2098 1885 2364 1949 Francis
2412 1885 2493 1950 de
2541 1904 2739 1968 regno
2787 1885 3020 1969 puerili
3067 1884 3593 1969 desperantibuS,
3662 1884 3856 1948 immo
3899 1884 3965 1947 in
4011 1891 4373 1967 contemptu

1116 1988 1504 2054 habentibus
1548 1988 1850 2069 bellaque
1897 2009 2125 2072 parare
2171 1987 2583 2054 molientibus
2631 1987 2799 2071 quod
2845 1996 3028 2071 pater
3072 1995 3135 2053 et
3166 2008 3327 2052 avus
3361 1988 3614 2052 Gallias
3647 1995 4042 2072 occupasset.
4097 1986 4191 2050 eis
4224 2005 4374 2049 con-

1119 2091 1331 2156 cessit.
1429 2096 1644 2155 cetera
1685 2091 1751 2155 in
1797 2111 1956 2175 pace
2004 2099 2069 2156 et
2111 2090 2580 2173 tranquillitate
2628 2111 2949 2174 possessa.
3048 2091 3199 2155 dum
3247 2111 3400 2174 ergo
3445 2090 3532 2155 ad
3578 2110 3756 2174 spem
3787 2089 4137 2155 iuventutis
4170 2089 4374 2153 Atha-
4416 2106 4471 2144 ¹⁵

1113 2194 1351 2259 laricus
1395 2194 1768 2275 accederet,
1834 2201 1965 2259 tam
2028 2213 2210 2258 suam
2255 2193 2748 2259 aduliscentiam
2810 2214 3000 2275 quam
3061 2194 3282 2259 matris
3342 2194 3719 2258 viduitatem
3765 2193 4044 2259 Orientis
4101 2192 4372 2276 principi

1117 2296 1622 2379 commendavit,
1688 2296 1805 2361 sed
1848 2296 1916 2360 in
1958 2297 2140 2362 brevi
2184 2296 2668 2361 infelicissimus
2727 2296 3047 2361 inmatura
3108 2304 3309 2362 morte
3355 2303 3773 2381 praeventus,
3838 2296 4030 2360 rebus
4074 2295 4372 2359 humanis

949 2403 1075 2466 306
1123 2399 1421 2466 excessit.
1514 2407 1649 2465 tum
1696 2407 1932 2483 mater,
2000 2421 2082 2465 ne
2138 2420 2251 2484 pro
2299 2419 2493 2464 sexus
2539 2400 2640 2464 sui
2685 2399 3034 2483 fragilitate
3082 2421 3122 2463 a
3166 2400 3394 2465 Gothis
3441 2405 3877 2483 sperneretur.
3945 2417 4163 2462 secum
4210 2397 4374 2462 deli-

1114 2504 1385 2585 berans,
1452 2502 1967 2567 Theodahadum
2029 2503 2479 2567 consubrinum
2542 2523 2727 2566 suum
2789 2503 3238 2586 germanitatis
3297 2502 3506 2585 gratia
3568 2502 3945 2566 accersitum
4006 2522 4048 2564 a
4105 2501 4361 2580 Tuscia,

1116 2606 1224 2671 ubi
1269 2604 1583 2690 privatam
1632 2606 1828 2670 vitam
1876 2605 2118 2688 degens
2176 2606 2242 2669 in
2288 2606 2533 2670 laribus
2592 2606 2863 2689 propriis
2926 2612 3090 2683 erat,
3159 2606 3221 2669 in
3284 2625 3480 2687 regno
3545 2605 3796 2669 locavit.
3892 2605 4001 2685 qui
4060 2604 4373 2669 inmemor
4411 2618 4467 2660 2⁰

1115 2708 1691 2792 consanguinitatis
1748 2716 1896 2791 post
1957 2710 2357 2791 aliquantum
2417 2715 2671 2792 tempus
2726 2730 2765 2773 a
2811 2708 3050 2793 palatio
3098 2710 3471 2773 Ravennate
3516 2708 3905 2772 abstractam
3967 2707 4034 2770 in
4092 2707 4367 2772 insulam

1113 2812 1237 2878 laci
1284 2810 1714 2876 Bulsiniensis
1762 2832 1904 2876 eam
1951 2812 2145 2876 exilio
2190 2810 2523 2892 religavit,
2581 2812 2689 2876 ubi
2736 2812 3162 2896 paucissimos
3209 2811 3347 2876 dies
3394 2811 3460 2875 in
3504 2810 3765 2876 tristitia
3811 2811 4056 2893 degens
4101 2811 4184 2874 ab
4232 2810 4370 2875 eius

1115 2915 1502 2982 satellitibus
1548 2914 1615 2978 in
1659 2913 1892 2979 balneo
1941 2915 2341 2997 strangulata
2386 2922 2508 2978 est.

778 3019 896 3083 LX
943 3021 1065 3081 307
1287 3017 1473 3096 Quod
1519 3017 1668 3081 dum
1715 3017 2107 3081 Iustinianus
2153 3017 2502 3100 imperator
2547 3016 2894 3082 Orientalis
2950 3017 3242 3082 audisset
3286 3024 3350 3082 et
3394 3017 3578 3098 quasi
3627 3024 4064 3100 susceptorum
4112 3036 4366 3079 suorum

1117 3130 1317 3188 morte
1364 3121 1448 3185 ad
1494 3140 1675 3185 suam
1724 3120 2021 3184 iniuriam
2067 3119 2487 3197 redundaret,
2545 3120 2637 3185 sic
2682 3127 2781 3185 est
2824 3127 3173 3185 commotus
3191 3122 3267 3202 2).
3362 3119 3587 3184 eodem
3635 3139 3909 3201 namque
3955 3128 4240 3203 tempore
4288 3119 4366 3183 de
4405 3133 4462 3174 ²⁵

1279 3400 1326 3447 P
1360 3401 1466 3448 VA
1497 3399 1607 3447 OB
1633 3400 1681 3446 X
1708 3399 1879 3460 (ΥΖ).
1956 3398 2149 3446 Paulus
2185 3397 2230 3445 h.
2275 3398 2337 3447 Β.
2384 3400 2463 3458 16,
2511 3402 2574 3447 10
2617 3397 2701 3453 (ad
2738 3396 2802 3446 25
2841 3402 3156 3459 commotus).

1283 3538 1304 3587 1
1347 3537 1659 3598 uuisigothos
1698 3536 1837 3584 ΧΥΖ
2061 3531 2342 3601 contenuit]
2379 3534 2534 3597 PVO,
2576 3536 2829 3583 continuit
2865 3535 3055 3582 ABXY
3280 3530 3683 3600 thiudigisglosa]
3725 3534 3830 3596 ΡΥ,
3874 3536 4264 3596 thiudegisglosa
4301 3537 4360 3598 A,

1105 3626 1507 3685 thiodigisglossa
1549 3623 1665 3683 OB,
1721 3623 1969 3682 thiudigis
2005 3623 2156 3670 tolosa
2199 3622 2279 3682 (Z,
2332 3621 2526 3669 tholosa
2569 3620 2623 3679 Υ,
2677 3622 2863 3669 tolosae
2903 3622 2963 3683 Χ)
3007 3622 3146 3669 ΧΥΖ
3423 3621 3452 3668 2
3490 3623 3706 3669 occissus
3749 3620 3819 3680 Ο,
3872 3624 4064 3669 ossisus
4108 3623 4212 3681 (sic)
4254 3624 4298 3670 A

1105 3712 1135 3761 3
1176 3712 1400 3759 contenit
1430 3709 1491 3771 Ο,
1533 3708 1855 3758 continuitB
2063 3707 2416 3767 athanagildus
2455 3707 2520 3769 B,
2561 3707 2946 3768 athannagildus
2988 3707 3047 3768 Ο,
3090 3708 3372 3768 athagildus
3408 3707 3562 3769 ΧΥΖ,
3607 3707 3913 3766 alanagildus
3953 3711 4012 3767 A,
4053 3709 4367 3768 aianagildus

1105 3798 1203 3846 PV
1424 3796 1454 3844 4
1493 3796 1764 3843 distinatur
1805 3795 1848 3842 Ο
2058 3800 2250 3856 partem
2287 3794 2542 3842 occiduam
2584 3794 2626 3841 Ο
2858 3794 2888 3842 5
2926 3795 3198 3842 theoderici
3238 3796 3286 3841 Χ
3295 3795 3335 3841 Υ
3537 3794 3801 3841 aduiuaret
3838 3793 3926 3853 B‘,
3969 3794 4133 3841 adhuc
4171 3796 4367 3842 uiueret

1024 3859 1051 3888 ‘f
1106 3871 1175 3932 Bb
1382 3883 1650 3930 amititiam
1688 3896 1733 3929 a.
1776 3881 2137 3929 subiectionem
2184 3879 2227 3927 Ο
2461 3880 2492 3929 6
2528 3877 2642 3946 hac]
2678 3881 2742 3928 ha
2779 3880 2819 3925 V
3024 3894 3338 3929 recessurum
3380 3879 3516 3927 XYZ
3723 3877 4066 3947 cognusceret]
4104 3879 4213 3942 ΡΟ,
4256 3895 4365 3941 cog·

1106 3979 1335 4019 nosceret
1369 3970 1457 4018 rel.
1708 3967 1736 4014 7
1775 3969 2111 4038 primatesque
2150 3967 2314 4026 gentis
2352 3981 2474 4014 suae
2512 3968 2556 4014 A
2789 3966 3083 4015 athlaricum
3119 3968 3168 4014 Χ
3176 3968 3215 4014 Υ
3454 3964 3484 4014 8
3522 3966 3647 4013 adhc
3681 3966 3721 4011 V
3942 3968 4212 4015 detennem
4257 3968 4299 4015 Ο

1104 4056 1471 4105 amalasuentae
1508 4055 1552 4101 A
1762 4052 2016 4101 eutherico
2064 4051 2125 4110 O,
2172 4053 2392 4100 eutarico
2431 4053 2474 4098 A
2687 4052 2718 4101 9
2756 4049 2958 4119 eisque]
2995 4054 3070 4100 eis
3108 4055 3152 4100 A
3361 4048 3506 4118 uoce]
3543 4053 3651 4113 lege
3691 4054 3733 4099 A
3948 4052 4012 4101 io
4048 4054 4366 4117 populusque

1106 4143 1153 4190 P
1379 4140 1653 4201 origentale
1694 4139 1737 4186 Ο
1983 4137 2040 4186 11
2084 4139 2353 4201 pllagatum
2391 4138 2484 4198 V‘,
2527 4141 2779 4202 plagatum
2821 4125 2944 4184 va
3174 4145 3284 4200 post
3319 4140 3470 4187 deum
3507 4153 3605 4188 om.
3642 4138 3732 4185 OB
3962 4139 4262 4186 alatharicus
4304 4138 4360 4200 Ο,

1103 4229 1355 4276 atharicus
1392 4225 1542 4286 311¹,
1584 4226 1853 4275 athlaricus
1889 4227 1936 4272 X
1949 4212 2083 4286 ὸΥΖ,
2127 4225 2388 4273 atalaricus
2414 4226 2459 4271 A
2675 4224 2735 4273 12
2771 4239 2869 4286 que
2904 4237 3004 4274 om.
3035 4224 3107 4273 B‘
3317 4224 3378 4273 13
3417 4232 3755 4285 regnauerunt
3780 4227 3824 4272 A
4033 4228 4229 4286 puerile
4259 4226 4301 4273 0

1109 4310 1517 4379 desperantibus]
1553 4312 1764 4373 sortasse
1801 4313 2122 4374 sperantibus
2371 4310 2432 4360 14
2470 4313 2813 4360 mollientibus
2855 4310 2897 4357 O
3141 4319 3193 4359 et
3227 4308 3377 4377 auus]
3414 4325 3642 4372 anusque
3681 4313 3725 4358 A
3958 4312 4216 4371 galliarum
4256 4313 4300 4359 A

1105 4405 1433 4461 occupassent
1472 4400 1580 4458 AX,
1624 4400 2007 4460 occupauissent
2050 4398 2090 4444 Y
2358 4395 2418 4444 15
2457 4398 2637 4445 ceteris
2674 4398 2719 4444 A
2985 4411 3105 4458 pace
3142 4393 3217 4462 et]
3253 4411 3371 4458 pace
3413 4397 3475 4459 Ο,
3514 4399 3650 4458 pacis
3688 4397 3732 4444 B
3973 4401 4217 4461 possessis
4254 4401 4299 4446 A

1104 4486 1413 4535 adhalaricus
1452 4483 1507 4546 P,
1549 4484 1819 4531 athlaricus
1855 4484 1905 4530 Χ
1916 4483 2013 4544 ΥΖ,
2056 4483 2318 4530 atalaricus
2355 4483 2397 4528 A
2637 4481 2700 4531 16
2737 4482 2984 4530 accederit
3024 4483 3067 4530 Ο
3276 4480 3681 4550 aduliscentiam]
3721 4470 3864 4544 P00,
3905 4485 4225 4532 aducentiam
4267 4485 4361 4548 1²⁰,

1105 4572 1489 4621 adolescentiam
1527 4570 1707 4617 VABX
1718 4570 1758 4616 Y
1988 4569 2045 4617 17
2087 4574 2247 4617 morte
2288 4570 2515 4628 (mortem
2544 4570 2617 4628 X)
2658 4582 2735 4630 pr.
2777 4570 3041 4615 immatura
3078 4569 3178 4616 ΧΥ
3400 4569 3462 4618 18
3502 4566 3632 4636 tum]
3668 4576 3788 4618 tunc
3824 4572 3873 4618 Χ
3885 4571 3924 4617 Υ
4130 4570 4193 4619 19
4231 4572 4367 4620 theo-

1104 4657 1349 4706 dohadum
1377 4659 1441 4716 A,
1481 4656 1770 4704 theodatum
1814 4653 1903 4701 OB
1938 4659 1982 4701 et
2018 4657 2087 4702 sic
2116 4653 2305 4701 Paulus
2332 4656 2413 4717 16,
2448 4656 2531 4716 12,
2576 4654 2946 4702 theudahadum
2984 4655 3047 4716 X,
3089 4654 3498 4703 theudatohalum
3542 4657 3584 4701 Z
3842 4653 4223 4723 consubrinum]
4258 4657 4360 4716 ΡΥ,

1104 4744 1453 4791 consobrinum
1493 4741 1688 4789 ΑΟΒΧ
1698 4742 1740 4788 Υ
1938 4742 2218 4800 germitatis
2261 4738 2303 4786 Ο
2513 4746 2650 4800 grata
2688 4739 2817 4787 PV‘
3026 4743 3320 4788 arcessitum
3361 4740 3455 4788 AO
3664 4744 3812 4790 tissia
3854 4742 3896 4789 Ο
4158 4743 4224 4792 20
4260 4746 4364 4806 pri·

1103 4835 1220 4878 uata
1255 4830 1363 4876 uita
1399 4827 1543 4876 AOB
1746 4827 1998 4874 laboribus
2041 4825 2132 4873 OB
2342 4839 2552 4885 regnum
2597 4826 2685 4873 OB
2917 4824 2978 4873 21
3020 4823 3154 4892 post]
3190 4841 3280 4888 per
3320 4828 3361 4873 Z
3585 4831 3851 4876 rauennati
3889 4830 3933 4876 A
4146 4831 4363 4877 abstrac-

1103 4910 1227 4980 tam]
1266 4916 1395 4962 abiit
1430 4921 1483 4961 et
1517 4920 1632 4976 post
1667 4929 1725 4963 ea
1761 4913 1901 4961 ΧΥΖ
2145 4911 2313 4959 insula
2348 4911 2444 4959 ΒΧ
2455 4912 2536 4958 ΥΖ
2796 4911 2860 4961 22
2899 4909 3252 4979 bulsiniensis]
3291 4912 3442 4974 PVB,
3485 4914 3800 4963 bulfiniensis
3841 4919 3903 4974 A,
3945 4916 4260 4963 bulsinensis
4303 4914 4359 4974 Ο,

1103 5002 1385 5049 bulsinensi
1421 5001 1563 5048 ΧΥΖ
1804 4995 2068 5065 religauit]
2108 4997 2309 5059 PVAX,
2350 4998 2595 5058 relegauit
2629 4999 2719 5046 rel.
2967 5000 3293 5060 paucissimos
3330 4995 3461 5065 dies]
3497 5002 3818 5060 paucissimis
3854 5001 4035 5048 diebus
4072 5002 4134 5061 A,
4178 5002 4363 5050 amala—

1104 5087 1320 5135 suentha
1358 5087 1719 5148 (amalesuenta
1744 5087 1814 5147 X)
1855 5086 2026 5146 plures
2063 5084 2171 5132 dies
2208 5086 2257 5132 Χ
2268 5083 2350 5130 ΥΖ
2557 5086 2827 5133 tristiciam
2859 5084 2902 5131 Ο
3112 5084 3175 5133 23
3215 5086 3411 5133 balneis
3438 5086 3486 5133 Χ
3498 5086 3578 5132 ΥΖ
3787 5082 4121 5152 strangulata]
4169 5087 4300 5135 VBX
4312 5088 4359 5146 Y,

1104 5174 1437 5233 stranguilata
1476 5171 1582 5233 ΡΟ,
1624 5173 1931 5232 transgulata
1967 5173 2012 5219 A
2256 5168 2324 5218 24
2360 5175 2412 5217 et
2448 5185 2545 5220 om.
2576 5171 2622 5217 B
2854 5166 3081 5236 suorum]
3117 5185 3265 5219 suum
3308 5171 3350 5218 O
3593 5171 3657 5220 25
3696 5168 3875 5238 morte]
3912 5172 4116 5233 PVAZ,
4155 5180 4360 5221 mortem

1111 5258 1205 5306 ΟΧ
1216 5259 1263 5322 Υ,
1307 5273 1435 5307 mors
1472 5259 1517 5305 B
1726 5257 1994 5305 redudaret
2033 5254 2107 5301 V⁰
2314 5260 2540 5317 tempore
2578 5269 2793 5316 namque
2828 5257 2870 5302 V

1275 5499 1322 5561 1)
1362 5500 1556 5547 Horum
1591 5503 1636 5544 et
1671 5499 1978 5558 sequentium
2013 5500 2278 5556 epitomem
2313 5495 2488 5543 habent
2530 5495 2755 5543 Romana
2790 5510 2833 5546 c.
2874 5497 2974 5544 367
3001 5510 3072 5558 aq.

1273 5583 1319 5642 2)
1364 5583 1435 5643 cf.
1483 5583 1807 5630 Contae‘riuator
1833 5581 2114 5628 Marcellini
2148 5579 2215 5627 ad
2252 5596 2300 5630 a.
2335 5582 2466 5628 534:
2506 5581 2866 5628 Theodahadus
2902 5596 2990 5629 rex
3029 5581 3299 5630 Gothorum
3337 5583 3781 5632 Amalasuentham
3817 5587 4039 5645 reginam
4077 5589 4355 5635 creatricem

1100 5685 1243 5719 suam
1292 5670 1352 5717 de
1400 5682 1552 5729 regno
1600 5669 1793 5728 pulsam
1843 5669 1895 5714 in
1934 5667 2096 5714 insula
2133 5667 2223 5714 laci
2262 5667 2602 5716 Bulsiniensis
2639 5667 2835 5715 occidit.
2913 5669 3058 5715 cuius
3096 5674 3305 5716 mortem
3341 5668 3464 5729 imp.
3507 5670 3828 5719 Iustinianus
3868 5678 3924 5719 ut
3960 5671 4147 5728 doluit,
4201 5675 4273 5721 sic
4309 5677 4359 5721 et

1100 5756 1240 5804 ultus
1275 5761 1372 5804 est.
