4882 6775
922 3609 1051 3662 Origo

1082 478 1171 546 VI
2472 478 2934 535 PROOEMIVM.

1081 704 1372 771 doctrina
1425 725 1567 769 cum
1614 703 1995 769 Germanico
2040 703 2390 786 veriloquio
2435 704 2571 769 veri
2617 704 2895 788 speciem
2941 705 3225 787 aliquam
3271 704 3643 771 vindicavit.
3736 714 3981 791 patrem
4026 706 4335 773 Iordanes

1078 825 1322 906 habuit,
1377 824 1432 889 si
1464 844 1616 890 vera
1647 824 1836 889 lectio
1869 831 1967 889 est
1999 823 2076 889 G.
2117 829 2220 906 50,
2260 826 2408 906 266,
2454 823 3102 904 Alanoviiamuthem,
3155 846 3348 889 avum
3379 825 3634 890 Pariam
3666 826 3980 891 notarium
4013 827 4334 893 Candacis

1079 946 1236 1024 eius.
1293 944 1401 1028 qui
1433 944 1643 1009 Sciros
1675 943 2195 1027 Sadagariosque
2226 944 2702 1027 Alanorumque
2747 945 3059 1026 quosdam
3105 944 3171 1009 in
3201 944 3532 1030 Scythiam
3578 945 3884 1011 minorem
3930 953 3995 1012 et
4023 945 4332 1013 Moesiam

1075 1064 1445 1131 inferiorem
1493 1064 1707 1129 duxit:
1777 1064 1917 1147 ipse
1970 1064 2299 1147 ‘quamvis
2348 1067 2812 1148 agrammatus'
2873 1073 2943 1129 ut
3000 1065 3093 1130 ait
3149 1064 3336 1131 homo
3381 1086 3505 1131 non
3551 1066 3691 1131 sine
3736 1085 3932 1131 causa
3974 1067 4326 1149 modestus,

1078 1185 1231 1251 item
1293 1184 1579 1251 notarius
1639 1183 1761 1249 fuit
1814 1184 1991 1268 apud
2049 1183 2368 1249 Candacis
2428 1185 2659 1249 sororis
2717 1184 2921 1249 filium
2983 1184 3374 1271 Gunthigem
3437 1185 3572 1250 sive
3631 1186 3891 1251 Bazam.
3987 1186 4334 1269 Gunthigis

1078 1305 1249 1371 filius
1292 1304 1586 1388 Andagis
1630 1303 1771 1368 eius
1816 1303 1924 1387 qui
1968 1324 2031 1368 a.
2081 1308 2202 1367 451
2252 1304 2319 1369 in
2365 1304 2608 1389 campis
2654 1305 3091 1371 catalaunicis
3136 1306 3255 1384 sub
3299 1304 3501 1370 Attila
3545 1305 3827 1381 militans
3858 1306 4330 1371 Theoderidum

1078 1446 1296 1509 regem
1340 1424 1851 1507 vesegotharum
1910 1423 2234 1489 interemit
2288 1424 2388 1506 (G.
2440 1428 2547 1507 40,
2601 1426 2776 1509 209),
2842 1444 3043 1510 nepos
3087 1425 3399 1507 Andelae‚
3453 1425 3535 1490 de
3577 1425 3884 1510 prosapia
3929 1427 4324 1505 Amalorum,

1078 1546 1253 1630 apud
1296 1547 1616 1610 Romanos
1661 1543 1954 1627 magistri
1999 1543 2270 1609 militum
2318 1543 2600 1609 officium
2647 1544 2981 1627 sustinuit,
3049 1565 3165 1630 per
3207 1544 3520 1610 Thracias
3566 1545 3874 1627 fortasse,
3930 1553 3997 1610 ut
4043 1545 4336 1610 similiter

1081 1666 1272 1731 Gildo
1318 1665 1624 1750 principis
1669 1665 2030 1730 Maurorum
2077 1663 2250 1728 filius
2296 1684 2509 1730 comes
2554 1665 2860 1749 primum,
2932 1664 3168 1731 deinde
3223 1665 3530 1747 magister
3572 1665 3845 1730 militum
3890 1685 4005 1750 per
4047 1665 4332 1731 Africam

1078 1786 1287 1851 factus
1345 1793 1463 1850 est.
1560 1806 1641 1851 ex
1696 1785 1948 1870 patroni
2007 1786 2147 1850 loco
2206 1785 2398 1850 etiam
2461 1784 2541 1850 de
2598 1784 2890 1850 Iordanis
2959 1785 3327 1851 condicione
3395 1786 3784 1858 coniectura>
3824 1786 4137 1870 capienda
4207 1793 4327 1851 est.

1078 1906 1313 1972 notarii
1359 1905 1529 1971 enim
1575 1925 1806 1970 munus
1852 1925 1995 1971 cum
2041 1905 2387 1988 aliquando
2432 1904 2616 1989 apud<
2651 1904 2934 1989 privatos
2980 1905 3212 1970 servile
3235 1910 3320 1989 ⁷),
3374 1905 3440 1970 in
3486 1926 3553 1971 re
3599 1905 3859 1970 militari
3904 1906 4263 1989 gregalium
4283 1910 4322 1987 Β)

1080 2026 1340 2101 fuisset⁷
1408 2026 1664 2090 labente
1722 2031 1933 2090 aetate
1992 2024 2102 2108 qui
2161 2045 2236 2090 eo
2293 2024 2728 2106 fungebantur
2787 2026 2962 2109 apud
3020 2026 3439 2109 imperatores
3493 2033 3558 2091 et
3601 2025 4014 2107 magistratus
4059 2025 4333 2091 maiores

1078 2167 1206 2211 non
1267 2146 1557 2211 ultimum
1618 2145 1827 2209 locum
1886 2144 2050 2210 inter
2107 2144 2418 2210 officiales
2477 2145 2816 2210 tenebant:
2879 2145 2973 2210 ita
3028 2146 3161 2211 noti
3217 2153 3365 2212 sunt
3421 2145 3872 2230 imperatorum
3941 2144 4208 2210 ‘tribuni
4272 2153 4335 2210 et

1086 2266 1401 2348 ‘notarii’,
1463 2266 1615 2330 item
1668 2265 1941 2330 ‘tribuni
1987 2271 2051 2330 et
2095 2265 2321 2329 notarii
2368 2265 2807 2349 praetoriani',
2860 2285 3091 2349 nempe
3136 2265 3600 2349 praefectorum
3644 2265 3990 2349 praetorio,
4043 2286 4185 2349 cum
4230 2285 4334 2329 or-

1078 2386 1299 2451 dinum
1360 2384 1729 2451 inferiorum
1788 2385 2021 2450 notarii
2079 2384 2288 2467 magis
2341 2392 2599 2450 utantur
2642 2386 2954 2450 vocabulo
2999 2392 3431 2469 exceptorum.
3527 2404 3712 2468 reges
3771 2392 3985 2450 autem
4045 2385 4330 2468 gentium

1076 2496 1493 2571 barbararum
1540 2512 1604 2571 et
1647 2505 1772 2590 ipsi
1817 2512 2064 2570 mature
2110 2504 2425 2570 eiusmodi
2472 2505 2751 2570 notarios
2796 2503 3236 2571 adsciverunt:
3303 2505 3396 2571 ita
3453 2525 3678 2588 regum
3722 2503 4157 2569 Vandalorum
4217 2526 4332 2569 no-

1076 2627 1223 2692 tarii
1283 2626 1525 2710 passim
1584 2625 1990 2690 nominantur
2005 2628 2092 2708 9),
2160 2624 2461 2708 idemque
2516 2625 2596 2690 de
2641 2624 2841 2689 Attila
2886 2623 3159 2690 efficitur
3202 2645 3282 2690 ex
3327 2626 3660 2707 Anonymo
3705 2623 4051 2689 Valesiano
4097 2644 4156 2689 c.
4208 2628 4322 2689 38:

1088 2746 1382 2812 ‘Orestes
1428 2746 1793 2810 Pannonius
1840 2766 1915 2811 eo
1962 2752 2283 2828 tempore,
2351 2744 2607 2827 quando
2653 2745 2855 2809 Attila
2898 2745 2964 2809 in
3009 2744 3263 2810 Italiam
3309 2744 3518 2825 venit,
3573 2763 3642 2809 se
3687 2744 3786 2808 illi
3831 2744 4039 2810 iunxit
4084 2751 4147 2810 et
4193 2745 4333 2810 eius

1088 2866 1400 2931 ‘notarius
1460 2866 1667 2931 factus
1729 2866 1972 2930 fuerat:
2041 2865 2211 2930 unde
2271 2864 2542 2948 profecit
2599 2872 2664 2930 et
2722 2884 2925 2945 usque
2985 2864 3071 2929 ad
3129 2863 3505 2948 patriciatus
3560 2862 3939 2946 dignitatem
3983 2866 4324 2949 pervenit'.

1079 2987 1250 3052 idem
1296 2986 1516 3051 Prisco
1563 3005 1812 3068 quoque
1872 2985 1967 3066 (fr.
2011 2987 2048 3049 8
2094 3006 2160 3069 p.
2199 2987 2277 3048 78
2325 2985 2572 3067 Muell.)
2630 2984 2862 3049 dicitur
2903 2984 3142 3050 Attilae
3188 2979 3393 3048 ὀπάων
3439 2983 3542 3047 καὶ
3591 2980 3992 3070 ὑπογραφεός.
4090 2985 4333 3051 similes

1078 3107 1274 3190 igitur
1330 3106 1612 3172 notarios
1671 3113 1801 3171 tam
1858 3105 2120 3171 Candac
2179 3105 2403 3170 habuit
2464 3104 2595 3168 dux
2651 3110 2716 3169 et
2770 3104 3041 3169 fortasse
3100 3125 3213 3170 rex
3258 3105 3543 3187 Alanus,
3606 3126 3801 3188 quam
3848 3104 4193 3188 Gunthigis
4253 3125 4334 3170 ex

1076 3227 1255 3310 regio
1316 3246 1552 3309 genere
1598 3225 1949 3291 Gothorum
2011 3224 2317 3290 oriundus
2377 3232 2443 3290 et
2499 3225 2585 3289 ad
2641 3224 3081 3307 magisterium
3141 3224 3451 3306 militum,
3515 3244 3633 3308 per
3675 3225 3986 3290 Thracias
4031 3224 4327 3305 fortasse,

1077 3352 1148 3413 ut
1207 3366 1400 3432 supra
1452 3344 1760 3426 diximuS,
1828 3352 2172 3430 promotus
2267 3365 2394 3411 non
2435 3344 2657 3410 infima
2700 3344 2895 3429 igitur
2939 3344 3308 3411 condicione
3367 3344 3437 3409 in
3495 3346 3752 3410 saeculo
3811 3344 4115 3411 Iordanes
4177 3364 4333 3411 usus

1080 3475 1179 3534 est
1222 3488 1425 3550 eoque
1471 3466 1679 3549 magis
1724 3465 1985 3549 insigni,
2038 3466 2209 3549 quod
2255 3466 2726 3548 quodammodo
2774 3466 2836 3530 ei
2880 3465 3266 3531 hereditaria
3309 3464 3450 3530 fuit.

1254 3586 1453 3654 Cuius
1497 3585 1777 3652 nationis
1822 3586 2013 3650 Paria
2057 3586 2322 3670 eiusque
2369 3586 2540 3651 filius
2586 3593 2653 3651 et
2694 3606 2893 3670 nepos
2940 3585 3197 3668 fuerint,
3250 3606 3332 3651 ex
3377 3605 3574 3669 supra
3619 3585 3807 3651 dictis
3851 3605 3975 3650 non
4023 3586 4322 3666 efficitur;

1077 3714 1248 3773 celte
1308 3708 1587 3772 Alanum
1650 3726 1794 3771 eum
1855 3705 2058 3771 fuisse
2116 3725 2325 3788 neque
2384 3705 2536 3771 inde
2595 3712 2729 3771 tuto
2792 3706 3145 3789 colligitur,
3221 3705 3391 3788 quod
3456 3704 3630 3790 apud
3697 3705 3924 3770 ducem
3983 3707 4332 3771 Alanorum

1078 3827 1358 3893 officium
1420 3825 1921 3906 administravit,
1991 3846 2201 3908 neque
2264 3846 2346 3892 ex
2406 3846 2484 3890 eo
2543 3825 2748 3908 quod,
2816 3827 2882 3891 in
2928 3826 3171 3892 domini
3213 3825 3516 3890 honorem
3563 3823 3863 3909 fortasse,
3928 3825 4060 3890 filio
4103 3845 4332 3892 nomen

1078 3946 1382 4033 imposuit
1441 3966 1582 4010 cum
1628 3946 1978 4009 Alanorum
2038 3945 2348 4010 vocabulo
2408 3946 2624 4011 nescio
2683 3947 2998 4029 quomodo
3044 3945 3481 4029 compositum.
3575 3944 3792 4027 itaque
3839 3965 3982 4010 cum
4026 3946 4332 4012 Iordanes

1078 4069 1219 4152 ipse
1267 4066 1438 4131 dicat
1482 4065 1548 4129 in
1593 4064 1848 4149 epilogo
1893 4085 1973 4130 ex
2006 4065 2357 4130 Gothorum
2402 4073 2595 4148 gente
2639 4066 2949 4148 originem
2995 4084 3064 4130 se
3110 4064 3383 4146 trahere,
3437 4064 3507 4128 id
3552 4064 3889 4147 quominus
3919 4084 4070 4130 vere
4101 4064 4334 4130 dixerit

1079 4186 1241 4251 nihil
1285 4186 1515 4251 obstat.
1610 4183 1728 4250 sed
1786 4184 2059 4250 fortasse
2114 4185 2333 4269 paullo
2391 4186 2579 4251 aliter
2636 4205 2740 4251 res
2784 4184 3171 4270 explicanda
3214 4193 3335 4250 est.
3429 4205 3505 4250 eo
3549 4184 3691 4268 ipso
3736 4185 3910 4265 loce,
3976 4205 4104 4267 quo
4150 4205 4331 4250 suam

1080 4307 1388 4390 originem
1434 4305 1742 4370 Iordanes
1786 4312 2075 4387 enarrat,
2129 4304 2281 4370 item
2329 4306 2421 4371 sic
2469 4305 2719 4371 scribit:
2793 4305 3276 4385 ‘Sauromatae,
3330 4324 3489 4388 quos
3534 4304 3862 4369 Sarmatas
3908 4303 4214 4386 dicimuS,
4270 4314 4335 4371 et

1087 4425 1466 4492 ‘Cemandri
1512 4433 1577 4491 et
1620 4425 1880 4509 quidam
1926 4444 2007 4490 ex
2042 4424 2294 4490 Hunnis
2339 4433 2523 4509 parte
2569 4425 2812 4509 Illyrici
2856 4425 2942 4489 ad
2973 4426 3555 4490 Castramartenam
3599 4424 3852 4489 urbem'
3897 4463 3984 4471 —
4028 4426 4331 4510 oppidum

1078 4547 1474 4630 intellegitur
1516 4544 2013 4636 CastrapMartis
2059 4544 2301 4611 Daciae
2347 4545 2622 4630 ripensis
2667 4582 2754 4592 —
2820 4545 3045 4610 ‘sedes
3091 4545 3214 4610 sibi
3259 4545 3446 4611 datas
3492 4545 3853 4609 coluerunt:
3924 4564 4005 4610 ex
4048 4565 4172 4628 quo
4218 4565 4334 4627 ge-

1086 4671 1272 4733 ‘nere
1303 4667 1425 4732 fuit
1456 4666 1695 4731 Blivila
1728 4665 1860 4730 dux
1891 4665 2447 4750 Pentapolitanus'
2493 4665 2761 4749 (scilicet
2789 4665 3213 4749 Pentapoleos
3246 4665 3312 4728 in
3342 4664 3560 4730 Africa
3593 4665 3750 4730 Cod.
3788 4665 3944 4729 Iust.
3988 4668 4087 4746 12,
4129 4668 4230 4746 59,
4264 4668 4325 4743 3,
4418 4753 4422 4757 ,

1077 4787 1339 4871 Procop.
1393 4787 1548 4853 bell.
1600 4785 1807 4851 Vand.
1862 4787 1922 4866 2,
1978 4788 2079 4866 212:
2157 4784 2456 4869 ‘eiusque
2515 4805 2860 4870 germanus
2903 4785 3120 4850 Froila
3178 4791 3242 4849 et
3294 4785 3491 4850 nostri
3535 4786 3837 4870 temporis
3881 4786 4087 4850 Bessa
4131 4784 4323 4869 patri-

1252 5096 1299 5158 7)
1343 5096 1579 5147 Scaevola
1620 5098 1757 5157 (Dig.
1797 5098 1880 5159 40,
1924 5097 2031 5161 41„
2052 5096 2100 5159 3)
2154 5112 2219 5146 ex
2256 5103 2559 5148 testamento
2596 5100 2742 5147 affert
2777 5099 3282 5147 fldeIcommissariam
3318 5098 3596 5145 libertatem
3633 5097 3801 5146 Sticho
3843 5098 4084 5146 ‘notarlo'
4132 5099 4325 5154 datam3

1078 5182 1265 5231 Paulus
1306 5181 1443 5244 (Dig.
1488 5180 1573 5244 29,
1619 5181 1663 5244 1,
1706 5181 1772 5230 40
1791 5184 1891 5246 pr.)
1934 5197 2100 5232 essum
2135 5185 2289 5232 refert
2326 5185 2437 5232 eius
2477 5185 2567 5245 qui
2609 5185 2825 5233 ‘notario
2862 5180 2972 5233 suo'
3011 5188 3370 5233 testamentum
3406 5184 3615 5242 elimarit,
3658 5184 3929 5232 defunctus
3964 5183 4148 5233 deinde
4183 5192 4333 5232 ante-

1077 5282 1226 5329 quam
1261 5269 1446 5316 litteris
1483 5269 1532 5316 id
1568 5269 1975 5331 perscriberetur.
2041 5269 2287 5331 *δρψ-ηε)
2329 5270 2584 5331 actm-ius)
2625 5276 2678 5319 et
2712 5270 2902 5332 act(or)'
2941 5276 3019 5319 est
3051 5271 3106 5318 in
3142 5269 3288 5317 titulo
3324 5271 3514 5318 urbano
3547 5270 3644 5319 vol.
3673 5269 3742 5316 vl
3769 5283 3821 5318 n.
3852 5267 4004 5329 9130,
4053 5269 4328 5319 ‘notarius'

1077 5355 1267 5402 domini
1301 5354 1566 5403 cuinsdam
1600 5356 1656 5402 in
1691 5354 1838 5402 altero
1869 5367 1921 5403 n.
1952 5353 2115 5417 97053
2158 5356 2356 5404 duoviri
2380 5356 2643 5404 cuiusdam
2668 5357 2946 5406 'sennensis
2986 5356 3249 5405 ‘alumnus
3285 5361 3338 5403 et
3373 5354 3643 5418 n{ot]arius’
3679 5368 3854 5403 servus
3891 5356 4097 5403 fortasse
4134 5361 4186 5404 et
4223 5357 4331 5420 ipse

1075 5440 1133 5487 in
1170 5440 1318 5488 titulo
1357 5438 1411 5488 C.
1454 5440 1495 5489 1.
1536 5440 1593 5488 L.
1634 5440 1700 5500 X,
1743 5438 1894 5488 4789.

1250 5523 1298 5586 8)
1346 5525 1604 5574 ‘Notarius
1641 5523 1818 5586 legati'
1856 5530 1934 5574 est
1969 5527 2024 5573 in
2060 5517 2212 5574 titulo
2250 5527 2633 5576 Lambaesitano
2672 5525 2729 5577 C.
2769 5528 2813 5576 1.
2854 5528 2915 5576 L.
2955 5528 3049 5577 vol.
3090 5527 3218 5574 VIII
3253 5539 3307 5575 n.
3349 5525 3500 5576 2755.
3551 5527 3614 5575 cf.
3660 5526 3820 5575 Cauer
3854 5527 3970 5589 eph.
4011 5528 4270 5591 epigr-aph.
4298 5525 4329 5574 4

1078 5623 1130 5672 p.
1171 5608 1271 5659 432
1299 5625 1372 5672 sq.
3547 5619 3552 5626 '

1251 5697 1300 5757 9)
1341 5696 1507 5759 Dahn,
1552 5696 1744 5758 Kb‘m‘qe
1779 5696 1864 5745 der
1887 5696 2162 5746 Ger-manen
2203 5697 2251 5757 1,
2279 5697 2399 5748 221.
2464 5700 2558 5748 sub
2583 5698 2797 5749 Odoacro
2840 5699 3152 5748 ‘Marcianus
3189 5699 3295 5762 var)
3333 5699 3596 5762 e(gregius)
3635 5701 3857 5749 notarius
3893 5699 4059 5762 regni'
4094 5700 4202 5747 eius
4239 5712 4328 5747 no·

1077 5782 1296 5831 minatur
1332 5783 1386 5830 iu
1422 5796 1608 5844 papyro
1644 5783 1919 5832 Mariniaua
1956 5797 2006 5834 n.
2050 5783 2131 5834 82.
2870 5788 2876 5793 ’
