4882 6775
464 1114 491 1153 5
528 1088 636 1171 qui
695 1094 845 1153 ante
889 1088 1158 1183 Attilam
1213 1109 1483 1173 regnum
1528 1090 1812 1156 tenuisse
1855 1099 2222 1175 narrantur,
2288 1094 2586 1177 quamvis
2629 1116 2756 1162 non
2801 1096 3059 1162 omnino
3103 1104 3467 1163 cunctorum
3513 1118 3780 1182 quorum

428 1629 488 1671 10

426 2144 487 2186 15

424 2659 486 2702 20

2005 491 2303 548 GETIOA.
3663 502 3784 563 105

530 676 877 760 dispositas
896 680 967 759 ¹).
1063 697 1216 742 area
1274 698 1425 744 vero
1480 677 1678 744 curtis
1736 679 1983 763 ingenti
2040 681 2284 748 ambitu
2336 683 2756 766 cingebatur,
2825 691 2895 749 ut
2952 684 3307 769 amplitudo
3350 686 3493 770 ipsa
3536 688 3782 770 regiam
3827 686 4116 751 XXXIV

528 780 746 844 aulam
792 779 1177 845 ostenderet.
1272 780 1396 846 hae
1455 781 1644 846 sedes
1703 789 1887 848 erant
1927 784 2168 850 Attilae
2227 784 2401 869 regis
2459 785 2798 851 barbariae
2856 794 2988 852 tota
3030 788 3303 867 tenenti3
3370 789 3533 855 haec
3578 790 3782 875 captis

529 880 893 948 civitatibus
933 882 1307 948 habitacula
1348 886 1806 969 praeponebat.

700 984 766 1050 Is
824 1005 1103 1068 namque
1149 985 1354 1051 Attila
1411 995 1593 1070 patre
1654 988 1912 1071 genitus
1956 989 2352 1073 Mundzuco,
2418 991 2601 1057 cuius
2660 990 2841 1058 fuere
2897 993 3192 1076 germani
3236 993 3429 1060 Octar
3472 1004 3536 1061 et
3580 997 3749 1061 Roas
3823 961 4075 1026 XXXV

3757 1048 3771 1079 ’
3830 1050 3949 1112 180

525 1190 688 1275 ipse.
782 1198 930 1274 post
971 1210 1238 1274 quorum
1283 1192 1524 1258 obitum
1570 1212 1713 1258 cum
1760 1194 1966 1259 Bleda
2009 1215 2318 1278 germano
2363 1198 2738 1264 Hunnorum
2785 1198 3099 1264 successit
3139 1199 3206 1264 in
3250 1220 3483 1285 regno,
3552 1209 3648 1285 et,
3714 1211 3784 1268 ut

526 1300 676 1358 ante
734 1294 1195 1379 expeditionis,
1271 1315 1463 1377 quam
1520 1296 1827 1379 parabat,
1894 1317 2014 1380 par
2073 1296 2267 1380 foret,
2335 1307 2753 1383 augmentum
2812 1301 3042 1366 virium
3101 1303 3446 1386 parricidio
3506 1305 3774 1388 quaerit,

525 1396 799 1462 tendens
844 1398 932 1463 ad
975 1397 1319 1463 discrimen
1369 1398 1652 1464 omnium
1698 1419 1856 1464 nece
1901 1417 2181 1466 suorum.
2278 1402 2396 1468 sed
2454 1403 2729 1469 librante
2785 1403 3034 1470 iustitia
3086 1404 3455 1473 detestabili
3498 1408 3781 1474 remedio
3832 1408 3940 1470 181

526 1518 823 1565 crescens
869 1499 1188 1588 deformes
1234 1501 1443 1567 exitus
1491 1521 1648 1567 suae
1694 1502 2095 1569 crudelitatis
2139 1504 2402 1572 invenit.
2499 1507 2709 1572 Bleda
2753 1507 2923 1572 enim
2967 1507 3163 1574 fratre
3207 1509 3542 1576 fraudibus
3583 1511 3785 1577 inter-

528 1609 741 1687 empto
760 1607 849 1687 ²),
916 1604 1024 1687 qui
1085 1625 1361 1687 magnae
1419 1605 1586 1689 parti
1645 1606 1963 1689 regnabat
2004 1607 2415 1692 Hunnorum,
2481 1609 2851 1676 universum
2911 1610 3038 1675 sibi
3094 1612 3400 1696 populum
3445 1613 3775 1696 adunavit,

526 1706 926 1789 aliarumque
976 1707 1284 1790 gentium,
1338 1728 1498 1791 quas
1542 1715 1695 1773 tunc
1738 1707 1806 1772 in
1843 1709 2092 1776 dicione
2126 1712 2409 1793 tenebat,
2462 1712 2915 1779 numerositate
2946 1714 3236 1796 collecta,
3289 1716 3529 1800 primas
3559 1716 3782 1782 mundi

525 1817 753 1892 gentes
812 1811 1131 1876 Romanos
1190 1811 1717 1895 Vesegothasque
1785 1811 2061 1879 subdere
2128 1817 2574 1899 praeoptabat.
2668 1816 2849 1882 cuius
2911 1816 3228 1883 exercitus
3286 1818 3778 1902 quingentorum
3829 1820 3949 1882 182

524 1911 772 1977 milium
817 1932 963 1979 esse
1007 1934 1272 1979 numero
1316 1914 1663 1980 ferebatur.
1760 1915 1859 1980 vir
1902 1915 1970 1980 in
2015 1917 2431 1984 concussione
2479 1918 2766 2002 gentium
2811 1925 3000 1983 natus
3042 1919 3114 1984 in
3159 1920 3418 2001 mund0,
3468 1928 3780 1988 terrarum

524 2016 804 2081 omnium
852 2024 1080 2098 metus,
1133 2018 1264 2099 qui,
1316 2018 1535 2083 nescio
1582 2038 1709 2101 qua
1754 2023 1945 2099 sorte,
2002 2021 2283 2085 terrebat
2330 2027 2561 2087 cuncta
2606 2021 2998 2088 formidabili
3044 2021 3127 2087 de
3171 2042 3244 2089 se
3289 2023 3590 2108 opinione
3639 2026 3785 2089 vul-

525 2128 698 2204 gata.
795 2127 931 2185 erat
975 2139 1252 2203 namque
1298 2122 1611 2205 superbus
1656 2121 1947 2205 incessu,
2013 2122 2140 2188 huc
2200 2131 2394 2208 atque
2451 2124 2609 2190 illuc
2669 2124 3125 2190 circumferens
3183 2126 3434 2208 oculos,
3501 2134 3571 2193 ut
3628 2128 3783 2193 elati

523 2223 808 2309 potentia
849 2223 992 2308 ipso
1037 2243 1287 2307 quoque
1333 2231 1507 2289 motu
1555 2225 1837 2310 corporis
1883 2233 2256 2309 appareret;
2311 2227 2628 2293 bellorum
2659 2228 2919 2312 quidem
2950 2234 3215 2310 amator,
3269 2229 3387 2294 sed
3415 2228 3559 2313 ipse
3588 2250 3782 2295 manu

525 2334 928 2411 temperans,
1003 2326 1272 2392 consilio
1329 2327 1806 2410 validissimus,
1872 2329 2374 2414 supplicantium
2435 2331 2819 2413 exorabiliS,
2887 2332 3200 2417 propitius
3256 2339 3472 2397 autem
3530 2333 3598 2397 in
3655 2334 3784 2399 fide

524 2430 726 2497 semel
771 2429 1122 2515 susceptis3
1192 2429 1397 2496 forma
1439 2432 1688 2514 brevis,
1756 2432 1886 2497 lato
1930 2439 2224 2517 pectore,
2290 2434 2503 2519 capite
2550 2434 2927 2517 grandiore,
2993 2434 3256 2500 minutis
3301 2435 3537 2519 oculis,
3602 2456 3784 2501 rarus

523 2534 758 2615 barba,
819 2533 996 2598 canis
1042 2553 1378 2618 aspersus,
1449 2522 1624 2600 seffio
1668 2554 1864 2618 nasu,
1930 2542 2093 2603 teter
2137 2537 2380 2619 colore,
2450 2538 2733 2621 origenis
2780 2557 2937 2603 suae
2984 2538 3171 2621 signa
3214 2538 3578 2604 restituens.
3671 2539 3782 2622 qui
3832 2543 3951 2605 183

524 2635 818 2720 quamvis
862 2636 1054 2701 huius
1101 2644 1274 2703 esset
1317 2644 1605 2718 naturae,
1658 2645 1728 2703 ut
1772 2658 2026 2723 semper
2069 2659 2308 2722 magna
2355 2639 2721 2723 confideret,
2776 2640 3059 2706 addebat
3104 2641 3164 2706 ei
3207 2647 3420 2707 tamen
3461 2642 3785 2708 confiden-

523 2740 614 2806 tia
657 2738 918 2822 gladius
963 2739 1187 2805 Martis
1231 2740 1565 2823 inventus,
1620 2760 1803 2808 sacer
1847 2741 2023 2826 apud
2069 2742 2454 2827 Scytharum
2500 2762 2689 2827 reges
2736 2762 2989 2828 semper
3032 2743 3322 2825 habitus,
3375 2766 3567 2829 quem
3610 2745 3787 2809 Pris-

526 2862 639 2909 cus
697 2843 992 2909 istoricus
1050 2843 1166 2908 tali
1224 2842 1420 2909 refert
1475 2844 1811 2911 occasione
1873 2845 2216 2911 detectum.
2327 2865 2473 2910 cum
2531 2853 2780 2931 pastor,
2847 2846 3183 2930 inquiens,
3248 2847 3510 2930 quidam
3568 2848 3787 2931 gregis

699 3206 751 3253 H
774 3206 819 3253 P
845 3207 888 3254 V
906 3207 950 3255 L
975 3207 1020 3254 A
1044 3206 1221 3268 S(1‘nc.
1257 3205 1319 3256 15
1345 3208 1466 3269 erat)
1503 3209 1545 3256 O
1570 3209 1614 3255 Β
1639 3210 1688 3256 Χ
1713 3209 1782 3272 (Y
1803 3209 1882 3271 Z).
1937 3208 2224 3268 Landolsus
2249 3209 2313 3258 ad
2340 3211 2559 3259 Paulum
2585 3214 2669 3271 14,
2700 3212 2764 3259 13
2786 3226 2839 3271 p.
2863 3211 2967 3258 362
2994 3209 3215 3273 Droyscn
3246 3209 3325 3272 (12
3354 3212 3498 3259 cuius
3522 3239 3591 3247 —
3621 3211 3682 3261 19
3707 3226 3787 3261 re-

532 3294 792 3350 stituens).

704 3446 726 3496 1
769 3449 1042 3510 dispositus
1083 3449 1127 3496 O
1334 3447 1471 3515 area]
1506 3465 1637 3497 *ua
1681 3449 1810 3510 (area
1850 3437 1934 3512 Ob)
1981 3449 2070 3511 0⁴¹,
2112 3450 2230 3499 hera
2266 3450 2311 3497 Β
2520 3446 2698 3515 curtis]
2736 3452 2883 3499 cortis
2922 3451 2982 3512 A,
3026 3451 3231 3499 cortinis
3267 3451 3317 3498 X
3328 3451 3409 3498 ΥΖ
3617 3454 3787 3514 cinge·

529 3537 709 3584 bantur
745 3534 790 3581 Β
1021 3535 1356 3598 amplitudosa
1392 3538 1505 3597 ipsa
1544 3534 1616 3581 0²
1841 3532 2050 3602 regiam]
2091 3537 2229 3584 OBX
2238 3536 2289 3597 Y,
2331 3539 2438 3597 regi
2476 3536 2679 3596 HPVL,
2722 3537 2853 3597 regis
2891 3537 2937 3583 A
3171 3533 3201 3584 2
3238 3537 3392 3594 attyle
3435 3537 3476 3584 O
3683 3541 3790 3599 regi

529 3623 573 3669 A
784 3622 1039 3671 barbariae
1073 3617 1200 3688 tota]
1235 3621 1489 3684 HPVLO,
1538 3623 1810 3671 barbariem
1848 3629 2001 3671 totam
2038 3623 2229 3670 ABXY
2434 3625 2660 3671 tenentis
2697 3623 2795 3670 ΒΧ
2804 3623 2843 3670 Υ
3044 3621 3077 3670 4
3115 3623 3283 3671 attilia
3323 3621 3394 3669 O‘
3602 3625 3789 3673 mund-

530 3703 673 3774 zuco]
699 3707 948 3768 HPVLA,
991 3708 1300 3756 mundzucco
1332 3707 1434 3767 OB,
1478 3721 1717 3756 munzoco
1744 3710 1866 3756 XY:
1905 3702 2263 3777 Μουνδὶουχος
2290 3709 2492 3757 Priscus
2516 3708 2586 3768 fr.
2610 3709 2675 3757 12
2698 3724 2752 3771 p.
2778 3710 2844 3756 97
2872 3707 3044 3756 Mucll.
3259 3709 3389 3755 fueri
3415 3708 3459 3755 P
3663 3707 3792 3777 roas]

528 3810 639 3846 roac
686 3794 765 3840 YZ
795 3795 914 3856 (non
939 3794 987 3841 Χ
998 3794 1046 3855 ):
1081 3785 1274 3850 Ῥοὺας
1312 3791 1513 3843 Priscus
1547 3793 1615 3854 fr.
1659 3799 1683 3842 1
1721 3810 1775 3855 p.
1808 3798 1866 3843 71
1911 3793 2080 3843 Muell.
2367 3795 2397 3842 5
2435 3796 2647 3843 attiliam
2690 3795 2732 3843 O
2998 3791 3236 3860 regnum]
3272 3809 3313 3844 r.
3357 3794 3641 3845 hunnorum
3679 3797 3725 3844 Β

529 3877 763 3947 quorum]
799 3894 970 3928 eorum
1008 3879 1053 3926 Β
1262 3879 1293 3928 6
1329 3894 1540 3942 quorum
1579 3896 1677 3934 om.
1713 3881 1805 3929 OB
2011 3881 2158 3929 belda
2191 3882 2245 3941 V,
2285 3882 2421 3929 bleta
2458 3882 2518 3940 Β,
2559 3882 2694 3944 pieta
2728 3881 2771 3929 O
2979 3894 3189 3940 regnum
3215 3880 3358 3929 AOB
3567 3882 3594 3930 7
3634 3896 3792 3945 expe-

529 3967 708 4015 ditioni
745 3966 840 4013 AB
1048 3967 1233 4013 uirium
1267 3966 1461 4026 (uiriom
1485 3968 1531 4013 X
1540 3965 1583 4029 ⁰)
1615 3968 1877 4028 parricidio
1909 3967 2014 4024 (-do
2035 3967 2105 4029 X)
2138 3974 2343 4029 quaerat
2370 3968 2418 4014 X
2429 3967 2478 4028 Y,
2520 3968 2686 4015 uirum
2722 3966 3233 4029 parricidiumqueaer
3269 3968 3369 4028 (sic)
3406 3967 3448 4016 O
3658 3967 3688 4017 8
3726 3971 3792 4018 li-

528 4047 729 4118 brante]
767 4052 1018 4112 AOXYZ,
1057 4053 1309 4100 liberante
1347 4052 1583 4101 HPVLB
1788 4049 2008 4119 iustitia]
2045 4054 2297 4113 LOBXY,
2339 4055 2565 4102 iustitiae
2604 4055 2667 4114 A,
2709 4054 2865 4101 iustis
2901 4053 3050 4100 HPV
3252 4053 3538 4103 detestabili
3575 4071 3671 4104 om.
3708 4055 3792 4103 PA

531 4139 562 4188 9
599 4140 813 4186 criscens
855 4138 897 4185 O
1164 4138 1399 4187 deformis
1442 4139 1491 4186 X
1752 4144 1904 4188 extus
1941 4139 1986 4186 P
2247 4140 2386 4189 bleta
2426 4140 2516 4188 OB
2783 4135 3107 4204 interempto]
3143 4144 3312 4201 empto
3351 4140 3412 4200 O,
3456 4147 3713 4202 perempto
3751 4142 3797 4189 Β

534 4224 596 4274 10
634 4221 744 4291 qui]
781 4226 924 4286 quasi
961 4224 1056 4271 XY
1364 4239 1570 4285 magnae
1607 4233 1750 4286 parte
1786 4224 1844 4286 P,
1904 4240 2082 4286 magna
2116 4232 2259 4287 parte
2298 4228 2343 4273 A
2660 4221 2925 4291 adunauit]
2973 4224 3228 4287 HPVLA,
3288 4226 3574 4285 subiugauit
3613 4227 3755 4275 OBX
3764 4228 3800 4274 Y

536 4309 592 4359 11
634 4310 856 4359 dictione
899 4310 941 4359 Ο
1170 4309 1231 4359 12
1269 4312 1662 4373 sesegothaeque
1701 4311 1746 4358 P
1968 4309 2205 4378 subdere]
2246 4327 2286 4361 s.
2329 4313 2432 4361 sibi
2470 4311 2511 4359 L
2718 4312 3010 4373 pei-obtabat
3048 4310 3138 4359 OB
3368 4309 3429 4360 13
3467 4325 3579 4360 esse
3614 4327 3794 4361 nume·

532 4413 640 4446 rum
682 4397 770 4460 0⁶,
829 4401 1054 4446 numeris
1093 4412 1204 4446 esse
1240 4398 1284 4444 Β
1561 4394 1915 4465 concussione]
1952 4398 2138 4446 HPVL
2163 4397 2351 4458 Laod„
2413 4400 2708 4447 concusione
2750 4397 2810 4461 Ο,
2868 4398 3246 4446 concussionem
3284 4396 3394 4460 AB,
3449 4399 3795 4448 confusionem

536 4485 671 4532 XYZ
926 4485 1156 4543 gentium
1192 4497 1286 4531 om.
1322 4483 1414 4532 OB
1451 4483 1737 4543 Landolfus
2019 4484 2082 4534 14
2118 4489 2285 4533 matus
2323 4486 2372 4532 X
2380 4483 2407 4510 ‘²
2673 4485 2842 4532 nescio
2882 4521 2895 4533 .
2934 4525 2945 4536 .
2977 4521 2989 4533 .
3032 4484 3265 4544 opinione
3300 4496 3397 4532 om.
3442 4483 3726 4547 Landolsus

532 4565 858 4635 formidabili]
893 4569 1162 4618 formidaui
1193 4568 1266 4617 B‘
1478 4568 1539 4618 15
1578 4576 1732 4631 atque
1769 4585 1866 4622 om.
1896 4571 1939 4619 L
2147 4571 2274 4618 illud
2314 4573 2359 4619 A
2568 4571 2736 4619 oculos
2772 4584 2871 4619 om.
2901 4569 3185 4629 Landolfus
3397 4568 3461 4618 16
3498 4575 3642 4618 mutu
3686 4571 3728 4618 O

532 4662 737 4719 apparet
773 4654 816 4702 L
1074 4661 1286 4704 armatos
1325 4655 1609 4716 Landolfus
1872 4670 2079 4705 manum
2118 4655 2281 4706 Laud.
2570 4655 2630 4705 17
2670 4656 3022 4705 ualedissimus
3059 4654 3153 4702 PV
3389 4657 3797 4718 supplicantibus

536 4743 731 4791 ABXY
999 4743 1277 4805 propritius
1319 4741 1390 4790 οιι
1668 4738 1860 4809 autem]
1903 4746 2037 4792 enim
2078 4743 2231 4805 xrz,
2288 4756 2383 4792 om.
2413 4743 2549 4793 son
2582 4742 2870 4802 Lanaozfus
3153 4740 3214 4791 18
3250 4737 3523 4807 susceptis]
3558 4727 3797 4802 HbPVL,

537 4832 805 4890 susceptu
842 4826 951 4892 H‘,
993 4826 1211 4890 ¹'coeptis
1246 4828 1430 4877 ASOB
1453 4827 1756 4890 Landolflm,
1797 4831 2013 4891 acceptis
2053 4831 2097 4876 X
2108 4829 2188 4877 1⁷2
2416 4830 2667 4890 grandiori
2709 4827 2799 4875 OB
3018 4841 3151 4877 raros
3192 4827 3252 4889 O,
3293 4829 3416 4875 raris
3453 4827 3516 4887 B,
3558 4841 3697 4876 rasus
3736 4829 3798 4890 X,

534 4929 698 4963 rarsus
740 4915 783 4962 Y
1022 4914 1082 4965 19
1120 4929 1329 4978 asperus
1369 4915 1414 4962 P
1630 4929 1766 4964 semo
1801 4913 1949 4983 nasu]
1987 4914 2176 4962 HPVL
2201 4915 2504 4978 Landolnu,
2547 4928 2683 4963 semo
2719 4927 2839 4962 naso
2863 4914 2918 4975 S,
2959 4916 3204 4962 seminaso
3229 4914 3277 4960 X
3286 4914 3381 4974 ῩΖ,
3425 4927 3681 4962 semenaso
3712 4901 3796 4975 0⁶,

534 5016 798 5051 semenasu
827 5000 916 5064 0⁶¹,
957 5003 1082 5051 simo
1109 5016 1228 5051 naso
1252 5001 1311 5061 13,
1354 5003 1512 5050 simeo
1538 5014 1658 5049 naso
1684 5003 1729 5048 A
1938 4997 2178 5068 origenis]
2205 5001 2364 5064 HPV,
2406 5002 2613 5062 originis
2649 5002 2736 5048 rel.
2953 5013 3073 5048 suae
3100 5001 3245 5060 signa
3271 5000 3544 5048 restituens
3576 5013 3672 5048 om.
3704 4999 3790 5059 L‘,

534 5091 676 5149 signa
710 5102 805 5137 om.
838 5089 884 5135 A
1109 5086 1174 5136 20
1212 5083 1466 5153 quamuis]
1502 5101 1651 5149 quam
1690 5086 1764 5134 B‘
1973 5083 2043 5153 ei]
2080 5094 2132 5136 st
2167 5088 2310 5135 BXY
2357 5116 2366 5122 ‚
2515 5087 2866 5137 confidentiam
2904 5084 3097 5133 AOBX
3110 5085 3147 5132 Y
3368 5083 3427 5133 21
3471 5087 3644 5133 mortis
3686 5085 3728 5134 O

535 5188 673 5223 sacer
705 5186 803 5222 om.
832 5173 965 5222 SOB
1208 5187 1323 5234 rege
1362 5174 1399 5223 S
1643 5171 1708 5221 22
1746 5170 2000 5239 istoricus]
2037 5174 2104 5232 H,
2147 5175 2360 5223 storicus
2399 5173 2550 5234 PVL,
2591 5173 2859 5220 historicus
2897 5171 3108 5233 AOBX,
3148 5171 3424 5220 hostoricus
3459 5172 3512 5231 S,
3556 5184 3651 5220 om.
3691 5171 3729 5218 Υ

533 5260 647 5309 taus
690 5260 792 5322 (tan
825 5247 914 5314 Vb)
953 5259 1047 5321 Va,
1091 5261 1260 5308 tamer
1296 5259 1351 5321 S,
1392 5259 1577 5308 uum
1618 5258 1676 5320 ο,
1721 5259 1878 5306 uun
1917 5259 1961 5306 P
2165 5254 2350 5324 grogn]
2387 5259 2642 5319 Aonxr,
2683 5258 2841 5318 grecis
2878 5257 3067 5305 HPVL

710 5533 752 5596 1)
797 5534 996 5583 Priscus
1032 5535 1068 5582 l.
1098 5548 1140 5581 c.
1176 5548 1230 5595 p.
1262 5537 1319 5583 91
1362 5533 1420 5581 dc
1455 5537 1680 5583 convivio
1715 5534 1928 5581 Attilae.-
1967 5532 2094 5600 πρὸς
2131 5530 2188 5583 δὲ
2223 5536 2332 5590 τοῖς
2370 5530 2562 5604 τοίχοις
2597 5536 2687 5585 τοῦ
2726 5531 3011 5600 οἰκήματος
3047 5531 3231 5589 πάντες
3268 5527 3505 5601 ὑπῆρχον
3543 5528 3591 5581 οἱ
3628 5527 3797 5601 δίφροι

533 5618 585 5680 ἐξ
632 5617 876 5688 ἑκατέρας
922 5616 1145 5686 πλεῦρας
1185 5655 1377 5669 .....
1424 5615 1617 5685 βαθμοί
1663 5634 1796 5675 τινες
1840 5616 1925 5670 ἐπὶ
1969 5616 2063 5685 τὴν
2111 5615 2267 5670 αὐτοῦ
2312 5620 2530 5681 (Attilae)
2571 5617 2761 5688 ἀνῆγον
2813 5617 2964 5686 εὐνὴν
3012 5614 3406 5685 καλυπτομένην
3456 5612 3660 5673 ὀθόναις
3707 5614 3801 5666 ’καὶ

532 5702 783 5761 ποικίλοις
819 5701 1244 5773 παραπετάσμασι
1277 5702 1473 5771 κόσμου
1510 5702 1678 5774 χάριν.

706 5791 754 5854 2)
799 5791 868 5852 cf.
911 5790 1230 5840 Marcellinus
1265 5790 1331 5839 ad
1367 5807 1416 5838 α.
1459 5793 1594 5838 445.·
1632 5790 1786 5839 Bleda
1821 5805 1911 5840 rex
1946 5791 2246 5839 Hunnorum
2283 5793 2472 5840 Attilae
2508 5793 2678 5841 fratris
2716 5795 2797 5841 sui
2833 5792 3036 5841 insidiis
3070 5792 3396 5841 interimitur.

688 5891 935 5933 Ionon-ns.
3322 5892 3385 5943 14

4032 2555 4068 2585 Ἀ
4108 2542 4217 2617 ὅιιω
4240 2559 4307 2613 ος
