4882 6775
1901 485 2198 540 PROOEM
2204 484 2357 540 1VM.
3589 488 3750 552 'LIII

519 704 758 771 ‘tionet
814 707 891 768 ab
938 710 1067 789 ipso
1115 710 1357 770 Romulo
1410 758 1422 771 .
1466 759 1479 771 .
1524 759 1536 772 .
1580 759 1594 772 .
1660 713 1907 793 confeci.
2002 710 2069 775 in
2111 709 2239 775 fine
2284 730 2433 776 vero
2479 710 2695 794 operis
2739 709 2833 776 sic
2882 710 3121 793 inquit:
3187 713 3302 773 hac
3343 721 3486 775 sunt
3529 732 3752 775 causae

518 826 533 857 ‘
557 873 573 888 .
616 876 629 888 .
673 876 686 889 .
730 876 744 890 .
799 829 1040 911 leyendo
1086 832 1437 913 coquoscet’.
1516 837 1660 915 post
1689 830 2149 917 Cuspinianum
2180 830 2381 896 codex
2426 851 2553 896 non
2596 836 3008 909 memoratum
3061 830 3179 896 sed
3223 836 3401 896 extat
3440 831 3592 897 inde
3636 832 3751 897 de-

510 945 782 1032 scriptus
830 947 1375 1032 Mogontiacensis
1412 950 1586 1033 olim,
1637 951 1828 1017 hodie
1872 951 2200 1017 Parisinus
2243 950 2301 1015 is
2344 949 2455 1034 qui
2498 950 2810 1034 sequitur.

681 1067 1044 1134 PARIvas
1099 1068 1264 1135 liber
1306 1071 1447 1137 Lat.
1498 1092 1563 1135 n.
1600 1074 1789 1154 4860,
1843 1078 2035 1138 antea
2063 1070 2448 1155 Mogontiaci
2490 1070 2556 1135 in
2601 1070 2987 1138 bibliotheca
3031 1071 3096 1137 S.
3135 1071 3466 1158 Stephani,
3519 1072 3752 1139 deinde

513 1158 828 1269 Colberti·‚
881 1207 936 1253 c.
987 1210 1050 1254 a.
1101 1193 1226 1255 940
1273 1190 1631 1276 descriptus
1676 1197 1776 1258 est
1820 1212 1900 1257 ex
1959 1191 2121 1257 libro
2164 1191 2476 1275 Augiensi
2534 1212 2610 1257 eo
2669 1191 2751 1257 de
2810 1212 2934 1275 quo
2991 1192 3179 1290 modo
3239 1191 3515 1257 diximus
3582 1193 3753 1275 (vide

511 1327 675 1390 quae
721 1308 988 1393 exposui
1030 1310 1115 1375 ad
1162 1310 1550 1376 Cassiodorii
1610 1312 1851 1377 chron..
1880 1333 1941 1396 p.
1997 1314 2118 1376 574
2167 1315 2289 1396 sq.)
2345 1320 2409 1378 et
2453 1319 2524 1378 ut
2565 1312 2632 1376 in
2676 1312 2823 1378 aliis
2866 1312 2958 1379 ita
2999 1313 3068 1378 in
3114 1313 3407 1379 Iordanis
3452 1313 3754 1379 Romanis

523 1427 768 1510 (Getica
795 1450 837 1493 a
865 1430 1025 1495 libro
1056 1432 1309 1515 absunt)
1347 1431 1415 1495 in
1444 1432 1651 1497 locum
1682 1431 2015 1517 archetypi
2041 1432 2172 1498 iam
2202 1432 2519 1519 deperditi
2562 1433 2866 1500 succedit.
2946 1433 3409 1519 praescriptum
3440 1440 3540 1500 est
3568 1434 3754 1500 chro-

512 1548 673 1614 nicis
718 1556 863 1634 post
905 1551 1398 1636 praefationem:
1466 1552 1719 1637 ‘incipit
1761 1553 2059 1619 chronica
2087 1553 2381 1619 Iordanis
2426 1553 2715 1639 episcopi
2759 1554 2840 1620 de
2871 1553 3119 1637 origine
3150 1553 3372 1619 mundi
3402 1560 3467 1619 et
3501 1553 3754 1620 actibus

523 1670 972 1736 ‘Romanorum
1018 1678 1499 1755 ceterarumque
1542 1673 1880 1757 gentium',
1934 1674 2388 1758 subscriptum:
2445 1651 2466 1707 ἰ
2483 1673 2563 1739 de
2607 1673 2852 1757 origine
2897 1675 3001 1740 vel
3046 1674 3298 1740 actibus
3329 1675 3755 1740 Romanorum

523 1790 721 1856 ‘liber
764 1791 1057 1857 Iordanis
1102 1791 1389 1878 episcopi
1433 1792 1699 1878 explicit
1740 1793 2034 1860 feliciter.
2083 1815 2294 1861 amen.
2346 1815 2556 1861 amen.
2618 1794 2731 1861 fiat
2771 1794 2941 1859 fiat'.
3036 1796 3158 1860 hoc
3199 1795 3411 1880 ipsum
3457 1796 3754 1860 volumen

513 1910 810 1977 adhibuit
850 1912 1176 1978 Marianus
1219 1912 1447 1979 Scotus
1490 1914 1557 1978 in
1602 1913 1913 1981 chronicis
1956 1914 2211 2000 scriptis
2255 1936 2314 1979 a.
2372 1918 2533 1979 1074
2557 1916 2658 1999 ⁹⁵).
2695 1954 2702 1959 -
2756 1913 2961 1999 ipsius
3006 1914 3152 1980 libri
3197 1921 3262 1981 et
3312 1915 3505 1982 etiam
3549 1915 3758 2000 magis

512 2030 847 2117 archetypi
892 2032 1206 2117 deperditi
1251 2033 1598 2117 antiquitas
1643 2056 1785 2116 cum
1833 2054 2011 2120 spem
2057 2041 2312 2100 moveat
2356 2053 2547 2121 posse
2591 2034 2679 2100 ad
2724 2034 3048 2100 diversam
3094 2035 3402 2101 familiam
3437 2056 3581 2102 eum
3611 2056 3761 2120 per-

514 2150 716 2217 tinere
761 2135 827 2219 et
855 2154 1146 2218 Romana
1175 2153 1470 2220 Iordanis
1514 2174 1589 2220 eo
1633 2155 1922 2222 adhibito
1967 2155 2263 2221 similiter
2305 2155 2634 2221 emendari
2679 2175 2869 2239 posse
2913 2162 3106 2238 atque
3149 2155 3218 2220 in
3264 2156 3508 2222 Geticis
3552 2155 3762 2241 prima

516 2272 765 2338 familia
807 2280 873 2340 et
916 2273 1222 2359 primaria
1264 2274 1641 2340 emendatur
1692 2296 1815 2360 ope
1873 2276 2174 2341 librorum
2233 2276 2501 2342 secundi
2543 2276 2836 2360 tertiique
2879 2276 3153 2360 ordinis,
3206 2249 3300 2341 ‘ea
3368 2283 3501 2344 tota
3561 2276 3762 2362 depo-

514 2393 729 2459 nenda
770 2400 890 2460 est.
983 2414 1193 2476 neque
1238 2394 1408 2460 enim
1453 2395 1791 2479 quicquam
1836 2397 2157 2482 proprium
2204 2397 2443 2463 habere
2487 2397 2653 2463 hanc
2696 2397 3131 2463 recensionem
3173 2398 3429 2464 ductam
3474 2418 3555 2464 ex
3600 2397 3762 2464 libro

518 2513 668 2595 tali,
735 2515 948 2598 qualis
1006 2521 1107 2581 est
1160 2514 1726 2599 Heidelberg-ensis
1769 2517 2182 2584 Palatinusve
2227 2517 2339 2598 ita,
2393 2524 2466 2584 ut
2509 2517 2808 2583 librarius
2865 2539 2992 2585 non
3054 2517 3346 2585 indoctus
3408 2537 3761 2584 sermonem

516 2633 910 2718 reformaret,
964 2634 1425 2701 demonstrabit
1468 2636 1755 2703 subiecta
1797 2637 1977 2703 varia
2018 2638 2208 2704 lectio
2254 2659 2296 2703 a
2339 2658 2394 2704 c.
2434 2640 2558 2703 358
2603 2639 2689 2703 ad
2733 2636 2926 2705 finem
2971 2638 3183 2722 operis
3202 2641 3305 2721 ⁰⁶).
3383 2645 3762 2724 apparatum

516 2754 684 2820 enim
730 2754 1020 2821 futilibus
1063 2755 1207 2821 istis
1252 2756 1716 2823 adiectionibus
1762 2778 2027 2824 onerare
2071 2759 2269 2840 nolui,
2321 2758 2512 2824 simul
2556 2764 2770 2825 autem
2816 2760 3111 2844 exemplo
3140 2760 3356 2843 aliquo
3401 2759 3758 2842 ostendere,

518 2875 832 2958 quomodo
875 2875 943 2940 in
988 2876 1104 2942 tali
1148 2883 1404 2943 auctore
1447 2879 1685 2945 versati
1731 2878 1860 2945 sint
1904 2878 2269 2945 scholastici
2329 2880 2575 2945 saeculi
2631 2879 2782 2945 noni
2837 2879 3218 2963 decimique.
3311 2880 3551 2945 similia
3595 2879 3765 2945 enim

516 2996 716 3062 secuti
762 3001 912 3063 sunt
953 3017 1068 3082 per
1110 2997 1228 3063 hos
1274 2998 1469 3065 libros
1515 2998 1654 3064 eius
1698 2999 1930 3066 aetatis
1976 3000 2422 3067 emendatores
2469 3019 2725 3081 omneS,
2778 3019 3043 3083 quorum
3088 3000 3508 3087 temptamina
3551 3001 3765 3086 plera-

512 3136 637 3200 que
681 3135 1033 3202 suppressi.

686 3392 767 3455 95)
811 3395 926 3445 MG.
969 3394 1063 3447 SS.
1102 3397 1199 3445 vol.
1242 3396 1289 3443 V
1336 3412 1387 3460 p.
1429 3396 1523 3447 491
1576 3399 1692 3447 adn.
1736 3396 1817 3447 72.
1862 3397 2233 3448 Cassiodoriana
2272 3397 2477 3448 Scotum
2512 3399 2630 3448 inde
2666 3401 2879 3449 traxisse
2915 3399 3253 3449 demonstravi
3290 3399 3590 3449 Cassiodoril
3627 3401 3768 3449 chro-

516 3482 630 3531 nica
665 3495 933 3531 recensens
968 3498 1017 3546 p.
1062 3483 1208 3555 580..

690 3567 774 3630 96)
811 3584 860 3631 Ρ.
893 3568 975 3630 46,
1006 3569 1072 3618 20
1106 3571 1265 3619 multa
1302 3597 1368 3605 —
1407 3570 1465 3619 21
1501 3574 1638 3631 parti
1673 3571 1876 3620 adueree
1899 3598 1968 3606 —-
1993 3569 2059 3619 22
2083 3575 2318 3633 mayieter
2352 3572 2569 3620 militum
2603 3598 2671 3607 —
2708 3570 2773 3620 24
2809 3567 3058 3637 nullique]
3092 3573 3282 3619 nullius
3315 3600 3387 3608 —
3425 3587 3476 3634 p.
3507 3571 3591 3632 47,
3620 3572 3651 3621 4
3687 3587 3771 3622 ex-

516 3654 787 3703 cubitorum
820 3683 888 3691 —
925 3653 1209 3723 imperator]
1246 3659 1301 3707 in
1336 3659 1594 3717 imperium
1629 3683 1697 3693 -
1735 3657 1765 3705 5
1801 3657 2049 3706 mizaelem
2083 3684 2152 3693 —
2179 3657 2206 3705 7
2243 3658 2492 3706 misaelem
2513 3683 2583 3693 -
2607 3658 2845 3706 serdicam
2866 3685 2937 3693 —
2959 3659 3166 3706 exilium
3204 3683 3276 3694 —-
3310 3658 3341 3708 8
3374 3674 3769 3721 praeparauera-

514 3746 657 3789 uerat
708 3769 777 3778 —
832 3742 863 3791 9
897 3742 1120 3792 contudit
1164 3770 1233 3779 —
1280 3746 1335 3791 in
1368 3746 1559 3805 yuryite
1595 3740 1771 3809 iacuit]
1809 3746 1918 3793 iecit
1954 3747 2009 3793 in
2042 3747 2280 3806 9ur9item
2313 3771 2384 3780 -
2424 3744 2486 3793 10
2523 3749 2786 3794 euocatum
2837 3771 2905 3780 —
2964 3743 3025 3794 12
3062 3747 3334 3806 euepicione
3379 3773 3448 3782 —
3494 3748 3653 3808 paula
3702 3773 3773 3783 —

520 3826 582 3876 13
618 3828 902 3888 confoe-sum
934 3857 1006 3866 -
1040 3835 1270 3892 quartum
1302 3845 1515 3880 mensem
1549 3857 1618 3866 —
1652 3833 1891 3880 senectuti
1926 3845 2046 3904 auae
2080 3857 2149 3866 —
2190 3830 2252 3880 16
2290 3828 2511 3897 iubante]
2550 3831 2824 3880 adiuuante
2861 3857 2925 3867 —
2966 3829 3029 3881 19
3064 3828 3246 3898 sancti]
3281 3836 3482 3881 sanctae
3515 3857 3586 3867 —
3621 3834 3771 3915 inito]

518 3915 692 3962 ininito
726 3942 794 3953 —-
831 3920 1065 3965 exercituo
1100 3943 1168 3952 —
1217 3916 1275 3966 21
1317 3917 1380 3965 ab
1415 3931 1513 3967 om.
1566 3944 1634 3952 —
1682 3916 1746 3966 22
1784 3916 2094 3966 incidiatoree
2129 3944 2197 3952 —
2235 3917 2300 3966 23
2337 3913 2532 3984 coacta]
2568 3923 2781 3966 cuneata
2818 3943 2884 3954 --
2924 3920 3164 3978 inyreeeoe
3199 3945 3269 3954 —
3306 3916 3371 3966 24
3409 3920 3666 3981 locumque
3701 3946 3769 3954 —

509 4004 734 4062 pompeio
770 4029 836 4037 —
872 4003 1083 4052 clamide
1119 4004 1320 4052 loricato
1354 4030 1423 4038 —
1459 4002 1525 4052 25
1557 4005 1807 4065 palatium
1839 4003 2105 4052 inuadente
2141 4030 2207 4039 —
2232 4002 2306 4052 ,27
2344 4007 2582 4067 sociisque
2616 4030 2684 4041 —-
2716 4006 3002 4066 proscriptis
3034 4030 3105 4040 —
3142 4003 3206 4052 28
3242 3999 3511 4070 manubiis]
3543 4005 3772 4053 manibus

517 4113 585 4122 —
618 4101 752 4135 anno
787 4101 883 4136 om.
933 4117 1005 4125 —
1047 4105 1100 4152 p.
1140 4089 1227 4153 48,
1273 4089 1291 4138 1
1337 4086 1490 4156 quod]
1528 4093 1611 4152 qui
1657 4117 1726 4125 —
1768 4094 1929 4152 peetus
1974 4117 2045 4126 -
2092 4089 2122 4138 5
2158 4087 2427 4157 deputatis]
2475 4090 2717 4152 deputam
2763 4117 2832 4125 --
2885 4090 2940 4139 11
2984 4089 3250 4140 theoderico
3297 4097 3350 4140 ct
3396 4092 3470 4140 sic
3514 4104 3657 4152 porro
3703 4118 3770 4127 —

520 4172 581 4222 14
619 4174 967 4224 theodohadum
989 4182 1041 4225 et
1065 4179 1139 4226 sic
1162 4191 1305 4241 porro
1327 4178 1409 4225 vel
1432 4176 1709 4226 theodohat-
1731 4176 1810 4226 vel
1835 4176 2099 4225 theodoad-
2132 4204 2204 4212 —
2244 4176 2305 4225 15
2328 4190 2513 4238 auoque
2537 4173 2662 4243 filio]
2687 4191 2833 4225 suum
2856 4178 3014 4241 filium
3050 4205 3118 4213 —
3158 4177 3220 4227 16
3246 4177 3463 4226 inultam
3495 4205 3567 4214 -
3602 4175 3661 4226 21
3699 4180 3771 4225 ci-

514 4261 697 4309 uilibus
734 4262 868 4310 bellic
902 4289 971 4297 -
1007 4262 1072 4312 23
1108 4265 1278 4327 cyrillo
1312 4263 1540 4312 marcer
1576 4262 1696 4323 fara
1732 4265 1937 4325 aliisque
1972 4263 2179 4312 diuersis
2215 4263 2455 4312 iudicibus
2490 4289 2558 4298 —
2594 4263 2659 4312 24
2695 4262 2870 4312 ducem
2906 4265 3204 4312 salomonem
3237 4289 3307 4300 —
3355 4263 3420 4313 25
3457 4263 3670 4324 africam
3703 4290 3773 4300 -

516 4345 583 4394 29
617 4348 870 4397 anhelanti
903 4363 1085 4412 auoque
1120 4350 1342 4398 aduentu
1376 4355 1624 4411 suspectae
1662 4350 1940 4398 subueniret
1964 4350 2130 4398 italiae
2154 4377 2222 4385 —
2247 4345 2547 4416 constructo]
2571 4352 2809 4398 instructo
2842 4376 2913 4386 —
2950 4350 3016 4400 30
3053 4353 3365 4400 ιαπιιηαυαιι
3389 4365 3537 4413 quam
3558 4356 3774 4413 equestre

516 4447 691 4493 aymen
725 4433 934 4484 educens
957 4463 1026 4472 —
1061 4452 1111 4499 p.
1153 4435 1236 4500 49,
1282 4436 1304 4485 1
1344 4439 1515 4497 uitiqie
1553 4464 1619 4472 —
1656 4439 1888 4486 exercitui
1925 4463 1989 4472 —
2027 4434 2058 4484 2
2092 4440 2410 4498 campaniam
2445 4463 2514 4471 —
2550 4435 2579 4483 3
2617 4436 2855 4485 habebant
2893 4461 2954 4472 —
2993 4436 3027 4485 4
3061 4441 3116 4485 at
3151 4463 3222 4473 —
3259 4437 3289 4485 5
3327 4451 3557 4486 excueare
3592 4463 3660 4472 —
3695 4435 3772 4503 eo]

519 4534 634 4568 eum
666 4548 737 4557 —
772 4521 803 4570 6
838 4513 942 4570 uoti
976 4526 1216 4573 consensit
1250 4550 1319 4558 —
1358 4522 1385 4570 7
1422 4537 1699 4572 rauennam
1722 4549 1791 4558 —
1813 4537 2109 4586 reynumque
2145 4537 2294 4572 suum
2328 4550 2396 4558 —
2437 4522 2498 4571 10
2534 4536 2814 4572 rauennam
2844 4549 2915 4559 —
2954 4522 3016 4572 15
3052 4524 3388 4585 machinisque
3425 4527 3458 4573 i.
3488 4528 3533 4573 et
3558 4524 3774 4572 turribus

518 4633 587 4642 —-
636 4606 695 4655 17
736 4605 1027 4676 effuyatum]
1074 4609 1278 4670 fuqauit
1323 4636 1392 4646 —
1443 4608 1504 4658 19
1542 4608 1844 4658 theodoberto
1890 4636 1959 4645 —
2005 4609 2231 4658 ducentia
2276 4609 2475 4657 milibus
2524 4608 2795 4658 aduenerat
2837 4636 2908 4646 —
2944 4609 3011 4658 20
3047 4609 3114 4658 ad
3161 4605 3290 4675 alia]
3341 4611 3455 4657 aliie
3499 4636 3567 4645 —
3613 4608 3672 4658 21
3716 4610 3774 4659 de

518 4694 699 4756 finibus
732 4697 914 4744 italicis
946 4722 1015 4732 —-
1052 4694 1117 4744 22
1152 4700 1199 4744 et
1232 4692 1367 4762 opee]
1390 4709 1503 4758 opes
1525 4723 1591 4731 —
1615 4693 1908 4763 principem]
1944 4710 2105 4757 reyem
2139 4723 2207 4731 —
2242 4693 2309 4744 28
2344 4692 2639 4762 aduentum]
2664 4695 2906 4744 aduentui
2938 4722 3009 4733 --
3046 4695 3110 4745 29
3143 4709 3314 4757 pereae
3341 4721 3412 4732 -—
3435 4711 3487 4758 Ρ.
3517 4696 3599 4758 50,
3635 4695 3655 4744 1
3687 4697 3774 4757 fib-

519 4778 748 4848 pientem]
783 4782 1017 4843 fuqientie
1050 4809 1120 4817 —
1154 4781 1188 4830 4
1224 4785 1279 4831 in
1312 4784 1466 4831 unius
1500 4785 1624 4831 anni
1658 4785 1818 4843 spatio
1853 4809 1922 4818 —
1956 4783 2197 4832 aduersus
2232 4809 2300 4818 —
2336 4782 2368 4830 6
2403 4795 2518 4830 euos
2552 4795 2600 4829 ee
2635 4779 2776 4848 fines]
2815 4782 2935 4844 fines
2971 4795 3084 4830 euoe
3119 4796 3168 4831 ee
3203 4809 3272 4819 —
3307 4782 3339 4832 9
3375 4785 3684 4831 constantino
3706 4809 3775 4818 —

524 4866 586 4915 10
621 4869 838 4916 resistere
860 4895 929 4903 —
953 4873 1126 4918 contra
1143 4865 1366 4935 parthos]
1384 4869 1576 4930 parthia
1612 4896 1678 4904 —
1720 4867 1782 4917 12
1818 4875 2049 4930 aqnoecat
2083 4897 2154 4905 -
2192 4868 2253 4917 13
2289 4883 2454 4929 reyem
2475 4870 2702 4928 reyinam
2724 4875 2768 4917 et
2795 4882 2908 4930 opce
2940 4895 3011 4904 —
3051 4868 3114 4917 14
3145 4871 3369 4930 principe
3403 4896 3473 4904 ——
3511 4869 3572 4918 15
3608 4884 3776 4918 recru-

521 4953 821 5002 descentibus
857 4957 1037 5005 animis
1082 4983 1152 4992 —
1200 4955 1447 5003 hellebaclo
1484 4959 1536 5003 et
1571 4955 1641 5003 sic
1675 4967 1817 5018 porro
1864 4981 1931 4991 -
1983 4955 2043 5004 16
2080 4955 2339 5014 actw‘stunt¹
2371 4982 2441 4991 —
2493 4953 2553 5003 17
2590 4958 2679 5003 uix
2714 4959 2874 5016 spatio
2920 4981 2988 4990 —
3040 4953 3101 5005 19
3137 4969 3345 5016 τορπυηι
3383 4982 3454 4991 -
3487 4959 3675 5004 accitur
3708 4983 3778 4992 —

524 5038 582 5088 21
626 5045 671 5088 et
706 5056 801 5090 om.
843 5068 909 5076 —
947 5044 1177 5089 macellae
1214 5068 1281 5076 -
1320 5041 1383 5090 24
1423 5046 1577 5090 terrae
1615 5069 1679 5077 —
1717 5041 1782 5090 26
1818 5045 2051 5103 repperiri
2084 5070 2154 5079 —
2188 5055 2464 5090 raucnnam
2496 5068 2567 5078 —
2603 5041 2666 5090 27
2708 5056 2797 5104 que
2821 5056 2916 5090 om.
2957 5068 3026 5077 —
3059 5045 3187 5090 mari
3220 5057 3422 5104 epyrum
3454 5069 3525 5079 —
3561 5041 3627 5092 28
3663 5057 3779 5092 con-

520 5131 673 5179 tiones
709 5133 752 5176 et
790 5126 973 5195 iuryia]
1010 5129 1399 5178 contentionibus
1435 5132 1481 5177 et
1518 5130 1689 5190 iurqiie
1724 5155 1793 5163 —
1831 5126 1896 5176 29
1935 5124 2042 5194 qui]
2080 5132 2163 5190 qui
2197 5132 2243 5176 et
2276 5154 2346 5165 —
2380 5144 2429 5191 p.
2477 5127 2559 5190 51,
2605 5127 2628 5177 1
2668 5129 2901 5176 naualem
2937 5129 3140 5176 classem
3175 5155 3244 5163 —
3278 5132 3474 5178 romani
3502 5133 3676 5190 portus
3709 5156 3777 5164 —

521 5214 550 5263 2
587 5217 755 5277 recipit
791 5219 997 5265 stationi
1043 5242 1113 5251 —
1158 5231 1306 5279 quam
1341 5229 1437 5263 om.
1489 5241 1558 5249 —
1607 5214 1637 5263 5
1675 5212 1812 5282 cum]
1849 5231 1961 5264 cum
1993 5243 2063 5252 —
2098 5215 2222 5279 tybri
2267 5241 2337 5251 -—-
2383 5214 2415 5264 6
2451 5214 2618 5277 qladio
2654 5229 2749 5264 om.
2790 5241 2858 5251 —
2902 5215 3123 5263 hortatur
3156 5218 3421 5264 exercitum
3468 5241 3537 5251 —
3586 5213 3613 5261 7
3652 5228 3774 5264 ann.

520 5297 651 5368 fac]
686 5300 792 5360 fac.
832 5315 953 5351 ann.
992 5328 1062 5338 —
1099 5303 1289 5350 totilam
1324 5328 1391 5338 —
1428 5299 1459 5350 8
1494 5304 1767 5350 mutatione
1803 5329 1869 5337 —
1907 5302 1937 5350 9
1977 5306 2248 5365 quiescente
2281 5327 2350 5336 —
2384 5303 2548 5353 cicilia
2583 5328 2651 5337 —
2691 5301 2746 5351 11
2787 5299 3115 5368 militarique]
3138 5303 3346 5350 militari
3382 5327 3449 5336 —
3491 5299 3552 5350 12
3588 5302 3776 5350 mathe-

519 5391 696 5435 ⁸uenta
731 5387 796 5435 th.
837 5403 879 5436 r.
919 5393 1063 5450 nepte
1094 5415 1162 5426 —-
1200 5387 1261 5437 13
1297 5388 1530 5436 derelicta
1563 5413 1632 5423 —
1663 5391 2039 5437 matrimonium
2073 5394 2266 5450 &erupta
2299 5415 2369 5425 -
2409 5386 2471 5437 14
2508 5387 2780 5437 cardicemi
2813 5415 2883 5423 —
2913 5379 2984 5436 '16
3022 5387 3238 5436 deuaetit
3284 5415 3353 5423 —
3402 5387 3462 5436 17
3501 5384 3687 5454 africa]
3725 5391 3780 5437 in

522 5475 687 5535 africa
720 5503 788 5513 -
824 5477 1073 5525 salomone
1108 5480 1261 5523 stotza
1297 5502 1366 5510 —
1406 5474 1467 5524 18
1503 5471 1768 5542 corruunt]
1793 5480 2090 5524 concurrunt
2113 5501 2180 5511 —
2207 5475 2438 5524 iohannes
2473 5502 2542 5511 —
2582 5469 2643 5523 1‘9
2679 5473 2954 5536 qundharic
2990 5502 3060 5511 —
3095 5474 3161 5524 20
3198 5487 3252 5523 eo
3285 5477 3318 5523 i.
3347 5489 3390 5521 c.
3432 5473 3676 5522 trucidato
3711 5500 3781 5509 —

524 5562 585 5612 21
628 5577 718 5624 que
742 5577 840 5612 om.
878 5589 946 5599 -
984 5561 1050 5611 22
1088 5559 1152 5629 ei]
1188 5566 1234 5612 et
1268 5589 1336 5597 —
1372 5560 1438 5610 23
1475 5566 1621 5610 etotze
1651 5568 1901 5624 perempto
1935 5589 2004 5597 —
2040 5567 2329 5611 masmae
2362 5586 2431 5598 ·—
2461 5561 2581 5610 urbe
2618 5588 2682 5597 —
2722 5562 2787 5611 24
2826 5575 2918 5624 que
2943 5575 3040 5611 om.
3069 5587 3139 5597 -—-
3164 5560 3366 5609 iohanni
3391 5560 3439 5609 d.
3466 5562 3678 5621 patricio
3710 5587 3781 5597 -—

525 5649 592 5699 25
627 5651 822 5711 troylite
855 5676 923 5685 —
960 5649 1026 5699 26
1063 5652 1240 5710 accipit
1275 5675 1345 5687 ·-
1383 5652 1438 5698 in
1462 5663 1556 5699 om.
1590 5651 1896 5710 —principi
1930 5676 1997 5684 —
2035 5649 2097 5698 27
2134 5651 2404 5710 principali
2438 5675 2507 5684 —
2545 5648 2610 5699 29
2643 5651 2830 5711 parthis
2852 5676 2923 5685 —
2945 5648 3180 5696 aduersos
3204 5672 3271 5685 -
3296 5661 3348 5708 p.
3378 5645 3462 5707 52,
3505 5645 3535 5695 2
3572 5650 3781 5696 iuuante

521 5765 592 5773 —
627 5737 661 5786 4
694 5740 1070 5787 matrimonium
1103 5763 1173 5772 —
1213 5736 1238 5784 7
1278 5737 1415 5784 illam
1451 5763 1520 5772 —
1553 5737 1787 5798 maqietro
1822 5737 2034 5784 militum
2072 5738 2188 5784 item
2222 5749 2335 5783 cum
2367 5735 2554 5797 qepidie
2588 5763 2657 5773 —
2693 5735 2724 5784 8
2761 5735 2935 5797 pothiei
2971 5737 3025 5782 in
3060 5761 3126 5769 —
3164 5733 3398 5781 ambabus
3446 5758 3513 5768 -
3566 5732 3627 5781 10
3664 5732 3779 5781 bur-

522 5838 701 5886 yarum
734 5851 803 5861 —
844 5822 904 5873 12
939 5825 1010 5871 rei
1042 5822 1271 5885 publicae
1307 5818 1606 5883 troyoediam
1649 5823 1756 5886 (sic)
1796 5849 1865 5858 —-
1904 5820 1966 5870 14
2001 5821 2063 5871 ab
2098 5836 2195 5872 om.

3779 1090 3828 1131 et
3852 1099 4043 1140 propago
4062 1087 4160 1129 eius
