4882 6775
2000 449 2297 509 GETICA.
3659 454 3778 517 129

510 642 877 725 quiescente
925 662 1074 706 vero
1120 641 1380 706 tandem
1414 642 1789 707 Hunnorum
1835 650 2027 726 gente
2072 664 2114 708 a
2144 643 2373 709 Gothis
2418 642 2892 708 Hunumundus
2922 642 3278 708 Suavorum
3325 640 3457 705 dux
3489 641 3640 706 dum
3687 641 3774 706 ad
3821 638 3969 703 LIII

513 743 1009 828 depraedandas
1062 744 1425 810 Dalmatiae
1485 746 1745 825 transit,
1814 755 2104 812 armenta
2151 746 2503 812 Gothorum
2563 746 2628 811 in
2691 746 2933 830 campis
2995 745 3275 811 errantia
3330 743 3769 829 depraedavit,

514 848 667 929 quia
712 847 1039 912 Dalmatia
1082 848 1362 912 Suaviae
1408 849 1622 913 vicina
1666 857 1805 914 erat
1849 870 1965 914 nec
2014 871 2054 914 a
2098 850 2464 915 Pannonios
2507 850 2669 914 fines
2715 850 2983 914 multum
3031 848 3347 929 distabat,
3399 848 3776 931 praesertim

515 951 624 1015 ubi
682 956 834 1014 tunc
880 950 1075 1014 Gothi
1135 950 1526 1016 residebant.
1621 952 1777 1034 quid
1838 953 2227 1036 plurimum?
2300 952 2753 1017 Hunimundus
2816 972 2959 1017 cum
3006 951 3238 1016 Suavis
3299 950 3567 1015 vastatis
3614 950 3776 1015 Dal-
3821 950 3942 1010 274

454 1072 479 1110 ⁵
519 1052 731 1117 matiis
776 1051 860 1117 ad
908 1073 1025 1117 sua
1071 1062 1419 1135 revertens,
1472 1055 1854 1119 Thiudimer
1898 1075 2243 1138 germanus
2289 1057 2652 1121 Valameris
2713 1055 2887 1139 regis
2935 1054 3284 1119 Gothorum
3344 1073 3469 1117 non
3529 1059 3776 1117 tantum

516 1156 828 1221 iacturam
876 1164 1305 1221 armentorum
1353 1156 1578 1222 dolens
1624 1166 1932 1241 quantum
1978 1165 2307 1233 metuens,
2377 1178 2458 1223 ne
2505 1159 2734 1238 Suavi,
2805 1157 2856 1222 si
2904 1157 3142 1241 inpune
3188 1157 3308 1220 hoc
3352 1156 3770 1235 lucrarentur,

514 1258 599 1323 ad
645 1258 948 1323 maiorem
997 1259 1319 1324 licentiam
1367 1260 1768 1343 prosilirent,
1824 1261 1915 1325 sic
1960 1261 2259 1344 vigilavit
2300 1261 2368 1325 in
2414 1281 2630 1325 eorum
2676 1261 2982 1341 transitu,
3052 1266 3121 1324 ut
3162 1259 3551 1343 intempesta
3593 1263 3778 1323 nocte

516 1362 902 1426 dormientes
946 1362 1283 1427 invaderet
1328 1362 1413 1426 ad
1458 1364 1669 1427 lacum
1706 1363 2002 1428 Pelsodis
2050 1370 2469 1445 consertoque
2514 1363 2844 1448 inopinato
2887 1362 3135 1447 proelio
3166 1361 3259 1427 ita
3292 1380 3401 1426 eos
3432 1361 3769 1445 oppressit,

518 1471 586 1529 ut
630 1465 823 1529 etiam
870 1464 1077 1547 ipsum
1127 1484 1343 1547 regem
1378 1464 1858 1530 Hunimundum
1907 1474 2164 1549 captum
2213 1487 2467 1531 omnem
2515 1465 2867 1530 exercitum
2914 1465 3072 1545 eius,
3128 1464 3237 1546 qui
3268 1463 3489 1545 gladio
3522 1462 3781 1527 evadis—

422 1583 479 1625 ιο
520 1574 695 1646 sent,
752 1566 1101 1631 Gothorum
1150 1567 1452 1633 subderet
1496 1568 1812 1632 servituti.
1906 1576 1969 1633 et
2016 1568 2167 1633 dum
2215 1570 2486 1633 multum
2533 1574 2706 1633 esset
2749 1574 2996 1632 amator
3039 1565 3551 1645 misericordiae,
3607 1566 3780 1631 facta

517 1671 755 1735 ultione
803 1670 1056 1734 veniam
1104 1669 1491 1735 condonavit
1534 1671 2116 1754 reconciliatusque
2164 1691 2306 1736 cum
2338 1672 2575 1737 Suavis
2621 1670 2928 1751 eundem,
2980 1690 3171 1752 quem
3218 1676 3507 1753 ceperat,
3575 1668 3781 1753 adop-

514 1782 657 1838 tans
705 1773 827 1837 sibi
872 1773 1111 1851 filium,
1182 1773 1423 1837 remisit
1470 1793 1613 1837 cum
1661 1774 1795 1838 suis
1840 1774 1905 1838 in
1954 1774 2219 1839 Suavia.
2314 1774 2430 1840 sed
2474 1775 2587 1839 ille
2632 1774 2942 1839 inmemor
2985 1780 3291 1858 paternae
3336 1772 3586 1855 gratiae
3630 1779 3775 1856 post
3822 1776 3944 1837 275

517 1876 781 1958 aliquod
824 1882 1078 1959 tempus
1125 1883 1500 1960 conceptum
1547 1876 1764 1941 dolum
1813 1878 2177 1961 parturiens
2212 1878 2659 1960 Scirorumque
2690 1885 2883 1961 gente
2914 1876 3209 1957 incitans,
3263 1875 3372 1957 qui
3401 1882 3553 1939 tunc
3583 1895 3779 1958 super

516 1979 882 2043 Danubium
930 1978 1364 2044 consedebant
1409 1987 1472 2043 et
1518 2000 1662 2044 cum
1710 1980 1941 2045 Gothis
2000 1980 2263 2064 pacifice
2318 1980 2764 2062 morabantur,
2831 1986 3147 2063 quatenus
3201 1978 3385 2043 scissi
3432 1978 3514 2043 ab
3560 1998 3778 2043 eorum

419 2100 478 2141 ιτ,
517 2082 776 2147 foedere
837 2100 1179 2162 secumque
1224 2081 1425 2146 iuncti
1481 2082 1548 2146 in
1608 2104 1787 2147 arma
1832 2084 2216 2167 prosilerent
2275 2091 2662 2166 gentemque
2709 2083 3060 2148 Gothorum
3117 2080 3520 2146 invaderent.
3628 2087 3780 2146 tunc

520 2185 748 2250 Gothis
807 2184 968 2248 nihil
1031 2184 1184 2248 mali
1246 2185 1688 2268 sperantibus,
1757 2188 2134 2270 praesertim
2184 2188 2264 2252 de
2324 2188 2609 2270 utrisque
2669 2186 2893 2252 amicis
2940 2185 3166 2250 vicinis
3211 2184 3468 2266 confisi,
3534 2184 3778 2249 bellum

519 2288 773 2371 exurgit
802 2307 880 2352 ex
912 2287 1234 2371 inproviso
1268 2289 1596 2371 coactique
1642 2290 2027 2355 necessitate
2059 2289 2144 2353 ad
2175 2311 2354 2354 arma
2386 2289 2765 2373 confugiunt
2802 2288 3113 2370 solitoque
3146 2287 3493 2352 certamine
3525 2293 3778 2371 arrepto

516 2411 586 2456 se
634 2410 878 2471 suaque
928 2390 1156 2454 iniuria
1203 2390 1615 2456 ulciscuntur.
1710 2392 1778 2456 in
1824 2412 1900 2457 eo
1960 2393 2014 2457 si
2061 2392 2320 2475 quidem
2367 2392 2611 2476 proelio
2659 2412 2772 2457 rex
2818 2412 3035 2457 eorum
3081 2390 3367 2455 Valamir
3411 2389 3564 2454 dum
3612 2409 3776 2471 equo
3823 2396 3946 2456 276

517 2495 805 2560 insidens
851 2493 936 2557 ad
981 2493 1404 2558 cohortandos
1451 2514 1600 2569 suos
1646 2502 1794 2559 ante
1841 2495 2045 2560 aciem
2092 2502 2393 2575 curreret,
2447 2496 2856 2579 proturbatus
2902 2514 3103 2577 equus
3150 2492 3384 2558 corruit
3427 2512 3781 2557 sessorem-

419 2625 479 2667 20
518 2618 640 2681 que
687 2617 871 2661 suum
922 2596 1176 2677 deiecit,
1230 2596 1339 2679 qui
1386 2618 1532 2661 mox
1576 2598 1975 2662 inimicorum
2024 2599 2265 2663 lanceis
2296 2597 2629 2662 confossus
2674 2598 3096 2681 interemptus
3129 2602 3228 2661 est
3249 2599 3319 2674 ¹).
3402 2595 3593 2660 Gothi
3625 2614 3777 2660 vero

518 2709 647 2767 tam
696 2700 870 2783 regis
917 2701 1015 2764 sui
1062 2708 1330 2764 mortem
1378 2721 1566 2783 quam
1617 2720 1801 2765 suam
1849 2700 2144 2765 iniuriam
2192 2722 2232 2765 a
2278 2700 2740 2766 rebellionibus
2787 2700 3122 2783 exigentes
3152 2699 3244 2763 ita
3276 2704 3423 2763 sunt
3452 2698 3771 2783 proeliati,

519 2812 585 2868 ut
639 2824 801 2888 pene
864 2803 944 2868 de
1002 2811 1195 2885 gente
1243 2803 1561 2867 Scirorum
1621 2803 1746 2868 nisi
1795 2804 1906 2886 qui
1950 2824 2182 2869 nomen
2224 2803 2418 2888 ipsud
2480 2804 2756 2882 ferrent,
2825 2810 2890 2868 et
2932 2802 2998 2867 hi
3046 2822 3190 2867 cum
3234 2801 3584 2883 dedecore,
3651 2821 3778 2867 non

516 2906 1005 2972 remansissent:
1078 2906 1170 2971 sic
1214 2926 1436 2971 omnes
1482 2907 1743 2972 extincti
1792 2914 1961 2972 sunt.

687 3009 965 3087 Quorum
1013 3009 1209 3074 exitio
1256 3008 1611 3074 Suavorum
1659 3030 1847 3093 reges
1892 3010 2351 3075 Hunimundus
2398 3016 2464 3075 et
2506 3009 2850 3075 Halaricus
2895 3008 3130 3089 vereti,
3190 3007 3258 3072 in
3305 3007 3551 3073 Gothos
3596 3028 3775 3072 arma
3820 3012 3961 3077 LIV
4007 3014 4132 3075 277

417 3140 480 3183 2⁵
519 3120 850 3179 moverunt
895 3112 1044 3177 freti
1088 3112 1329 3177 auxilio
1362 3111 1831 3195 Sarmatarum,
1885 3114 1994 3195 qui
2041 3133 2183 3178 cum
2230 3114 2450 3179 Beuca
2494 3119 2560 3178 et
2604 3112 2809 3177 Babai
2855 3112 3117 3193 regibus
3163 3110 3297 3175 suis
3344 3110 3670 3175 auxiliarii
3715 3110 3777 3176 ei

518 3216 965 3295 advenissent,
1031 3215 1338 3300 ipsasque
1384 3215 1705 3280 Scirorum
1766 3217 2072 3299 reliquias
2131 3216 2319 3298 quasi
2365 3215 2452 3280 ad
2513 3215 2819 3281 ultionem
2867 3233 3051 3279 suam
3110 3214 3320 3278 acrius
3380 3220 3779 3298 pugnaturos

688 3494 808 3542 ΗΡ
839 3495 942 3541 VA
974 3493 1355 3553 oaxffz).
1433 3493 1625 3541 Paulus
1661 3494 1708 3543 h.
1755 3493 2335 3555 R.15,12›(‹118in
2374 3497 2472 3553 00).

695 3649 716 3698 1
760 3657 959 3710 gentem
1004 3648 1045 3695 O
1253 3645 1642 3715 hunumundus]
1679 3648 1837 3706 HPV,
1878 3649 2277 3698 hunnomundus
2315 3665 2450 3696 *ns*
2493 3649 2535 3696 O
2573 3653 2626 3698 in
2662 3654 2877 3697 extrema
2910 3652 3114 3709 popina,
3157 3647 3542 3696 hunnimundus
3579 3647 3642 3707 B,
3683 3647 3780 3694 hu-

518 3737 793 3786 nimundus
832 3736 974 3783 AXY
1179 3749 1447 3783 suenorum
1485 3737 1529 3783 A
1741 3736 1801 3782 ad
1838 3735 2115 3796 predandas
2155 3734 2348 3783 AOBX
2361 3736 2401 3782 Y
2627 3734 2658 3783 2
2694 3735 3026 3797 depraedatur
3063 3737 3107 3783 A
3320 3733 3349 3782 3
3389 3733 3623 3781 dalmatia
3660 3747 3778 3780 sua-

516 3821 654 3890 niae]
690 3823 799 3884 ΧΥ,
841 3822 1050 3870 dalmaci
1090 3823 1293 3869 suaniae
1333 3822 1392 3880 Z,
1435 3821 1692 3869 dalmatias
1731 3823 1944 3869 suaniae
1980 3821 2138 3884 HPV,
2179 3821 2416 3869 dalmatia
2452 3823 2659 3869 suaeuis
2695 3822 2755 3876 A,
2797 3820 3046 3869 dalmatiis
3083 3823 3260 3869 suania
3302 3820 3390 3868 OB
3600 3823 3781 3869 uecina

525 3910 566 3957 O
775 3924 802 3956 a
839 3910 1118 3970 pannonios
1164 3909 1518 3969 (appannonios
1546 3908 1601 3965 P)
1646 3903 1795 3972 fines]
1834 3906 1995 3969 HPV,
2037 3922 2064 3954 a
2103 3909 2373 3969 pannoniis
2409 3909 2596 3955 finibus
2623 3906 2908 3955 AOBXYZ
3115 3921 3427 3968 praeseus*
3471 3907 3781 3969 (praesertim

525 3983 612 4056 Vb)
654 3993 730 4043 V‘
939 3994 969 4042 4
1008 3995 1308 4041 resedebant
1341 3993 1428 4040 VO
1635 3993 2037 4054 hun(n)imundo
2064 3993 2154 4039 AB
2363 3995 2534 4041 saeuis
2561 3995 2608 4040 A
2816 3992 2846 4040 5
2884 3998 3170 4041 reuertente
3202 3992 3294 4039 AB
3502 3992 3783 4041 theodemh·

521 4084 578 4145 O,
621 4082 908 4130 theodomer
945 4081 1002 4137 B,
1046 4079 1330 4127 theudimer
1365 4080 1474 4142 ΧΖ,
1516 4079 1796 4126 theudimir
1842 4073 1895 4140 Y,
1934 4080 2221 4127 theudemir
2257 4082 2304 4127 A
2536 4079 2875 4127 hunalameris
2918 4078 2975 4141 0,
3019 4079 3229 4126 ualemir
3264 4079 3308 4125 A
3552 4078 3584 4128 6
3620 4094 3780 4127 armo-

520 4183 627 4216 rum
666 4169 711 4215 A
944 4162 1033 4232 ne]
1069 4156 1169 4213 nec'
1203 4164 1273 4212 Οα
1507 4166 1653 4213 suani
1697 4165 1860 4225 (sueni
1900 4165 1961 4225 A)
2006 4167 2049 4214 si
2089 4166 2281 4226 inpune
2326 4166 2530 4227 (inpone
2560 4166 2616 4225 O)
2662 4166 2712 4213 h.
2754 4161 2818 4230 l.]
2856 4164 3013 4224 ΑΟΒ,
3057 4166 3230 4212 suauis
3266 4165 3459 4226 inpune
3494 4165 3584 4213 hoc
3618 4166 3780 4213 lucra·

518 4261 691 4302 rentur
714 4253 874 4312 HPV,
914 4255 1060 4301 suani
1088 4255 1294 4313 impune
1326 4253 1466 4313 (imp.
1497 4266 1590 4299 om.
1626 4251 1688 4309 Υ)
1720 4252 1810 4298 hoc
1834 4250 1958 4300 lucr.
1988 4257 2040 4298 et
2066 4250 2204 4298 XYZ
2417 4250 2448 4300 8
2485 4251 2747 4299 indaderet
2780 4251 2822 4297 V
3029 4250 3060 4299 9
3098 4246 3273 4316 etiam]
3297 4251 3392 4298 iam
3426 4250 3467 4297 O
3674 4253 3780 4312 ipso

517 4355 631 4398 rege
680 4339 1076 4399 hun(n)imundo
1126 4344 1269 4399 capto
1306 4338 1398 4385 AB
1676 4337 1838 4396 gladio
1887 4333 2202 4403 euadissent]
2250 4337 2407 4400 HPV,
2469 4338 2688 4398 gladium
2739 4339 3023 4386 euasissent
3076 4338 3403 4397 (euasaissent
3445 4337 3504 4398 O)
3548 4336 3790 4385 AOBXY

523 4425 579 4475 11
622 4428 794 4474 sueuis
833 4426 877 4471 A
1137 4425 1309 4472 eodem
1353 4424 1395 4471 O
1674 4429 1902 4486 coeperat
1937 4422 1991 4469 H
1999 4423 2039 4470 V
2316 4422 2378 4471 12
2415 4425 2646 4471 suaniam
2688 4423 2887 4485 OBXY,
2927 4425 3157 4471 sueuiam
3194 4424 3239 4470 A
3507 4423 3703 4484 gradiae
3741 4423 3785 4471 P

522 4511 581 4561 13
620 4527 717 4574 que
752 4527 850 4561 om.
881 4510 926 4556 Β
1134 4515 1332 4570 gentem
1373 4509 1611 4558 AOBXY
1816 4511 2050 4558 incitauit
2086 4509 2131 4555 Β
2341 4524 2493 4572 supra
2536 4509 2624 4556 OB
2872 4507 2934 4556 14
2971 4505 3331 4575 consedebant]
3366 4508 3576 4568 HPVO,
3618 4511 3782 4557 consi-

518 4599 701 4646 debant
739 4584 963 4656 ABbe,
1006 4597 1384 4644 considerabant
1420 4595 1492 4644 B‘
1702 4592 1931 4661 pacifice]
1970 4595 2130 4655 ΗΘΒ,
2176 4596 2366 4656 pacifici
2407 4595 2685 4643 PVAXYZ
2894 4597 3042 4643 scisci
3086 4594 3127 4641 O
3376 4594 3435 4642 15
3474 4609 3781 4656 semumque

524 4683 565 4731 O
774 4684 934 4731 iuncti
973 4678 1049 4747 in]
1084 4684 1315 4730 iunctum
1341 4683 1386 4729 A
1597 4678 1916 4747 prosilerent]
1951 4681 2111 4741 HPV,
2154 4681 2449 4742 prosilirent
2481 4680 2725 4734 AOBXY
2930 4679 2993 4729 16
3029 4682 3091 4729 de
3128 4697 3224 4731 om.
3260 4680 3302 4727 O
3485 4683 3709 4729 -conflsis
3737 4681 3782 4727 Β

523 4770 581 4819 17
620 4766 845 4836 exurgit]
879 4771 1097 4828 insurgit
1138 4767 1337 4827 OBXY,
1379 4770 1538 4829 surgit
1575 4771 1619 4816 A
1866 4783 1928 4816 ex
1966 4782 2065 4816 om.
2098 4767 2235 4814 XYZ
2464 4774 2714 4815 certamen
2752 4768 2805 4814 in
2845 4773 3096 4829 arreptum
3139 4767 3199 4827 O,
3241 4773 3487 4814 certamen
3526 4774 3780 4828 arreptum

520 4858 654 4905 ΧῩΖ
865 4853 926 4903 18
964 4868 1206 4915 suamque
1242 4856 1477 4901 iniuriam
1504 4854 1742 4901 AOBXY
1946 4868 2115 4901 eorum
2151 4868 2247 4901 om.
2280 4853 2420 4900 XYZ
2628 4854 2873 4901 unalamir
2902 4853 2961 4914 O,
3005 4854 3279 4902 uuallamer
3302 4853 3347 4899 Β
3562 4851 3622 4900 19
3661 4854 3782 4902 adeo

519 4945 645 4994 hort.
688 4942 760 4991 B‘
986 4939 1051 4988 20
1091 4940 1309 4988 deaiecit
1348 4939 1390 4986 O
1616 4937 1831 5006 lanceis]
1867 4938 2119 5000 AOBXY,
2163 4939 2329 4987 lances
2367 4939 2516 4985 HPV
2737 4941 2998 4988 confessus
3039 4938 3112 4985 0⁰
3339 4940 3694 5000 intertemptus
3738 4940 3781 4985 O

521 5028 580 5078 21
622 5045 649 5076 a
684 5042 781 5075 om.
811 5027 905 5075 XZ
935 5029 1054 5086 (non
1086 5027 1149 5087 Y)
1396 5029 1469 5074 ita
1510 5064 1522 5076 .
1557 5063 1569 5075 .
1604 5063 1615 5074 .
1658 5025 1722 5074 22
1762 5027 1823 5074 de
1861 5033 2008 5086 gente
2047 5041 2145 5075 om.
2178 5025 2317 5072 XYZ
2567 5021 2710 5091 sunt]
2748 5033 2833 5074 sut
2869 5024 2940 5070 V‘
3215 5023 3280 5073 22
3316 5027 3487 5088 ipsum
3526 5025 3718 5072 ABXY

520 5113 596 5182 hi]
631 5116 712 5163 hic
753 5113 844 5161 OB
1054 5112 1118 5161 23
1156 5114 1230 5161 sic
1265 5126 1309 5162 0.
1350 5113 1561 5160 extincti
1600 5109 1743 5178 sunt]
1778 5115 1853 5161 sic
1888 5127 1932 5160 o.
1974 5113 2381 5173 extin(c)xerunt
2411 5111 2612 5173 OBXY,
2650 5114 2723 5160 ita
2758 5119 2880 5160 sunt
2915 5125 2960 5160 o.
3001 5112 3218 5160 extincti
3244 5112 3288 5158 A
3498 5107 3783 5182 24rexitio]

520 5200 864 5263 HPVAXYZ,
908 5201 1120 5247 exitium
1165 5198 1224 5258 0,
1265 5200 1456 5247 exitum
1494 5199 1539 5245 Β
1774 5212 2043 5246 suenorum
2081 5199 2125 5244 A
2336 5198 2720 5245 husnimundus
2754 5197 2808 5259 V,
2850 5197 3239 5245 hunnimundus
3275 5197 3336 5258 B,
3378 5195 3782 5244 hunimunmun-

521 5288 615 5336 dus
658 5288 700 5335 O
909 5282 1097 5351 uereti]
1134 5283 1340 5346 HPVO,
1384 5286 1533 5332 ueriti
1574 5284 1764 5331 ABXY
1980 5282 2044 5332 25
2084 5284 2289 5331 auxiliis
2327 5291 2629 5331 armatarum
2671 5283 2713 5330 Β
2922 5284 3082 5342 beuga
3123 5282 3213 5329 OB
3421 5283 3674 5330 auxiliarii
3711 5278 3782 5348 ei]

520 5374 679 5434 HPV,
720 5373 1000 5421 auxiliariis
1037 5374 1148 5419 eius
1190 5372 1249 5431 O,
1291 5371 1568 5418 auxiliariis
1605 5383 1775 5417 eorum
1811 5369 1871 5429 B,
1914 5369 2206 5417 auxiliariis
2245 5369 2353 5430 ΧΥ,
2395 5369 2654 5415 auxiliarii
2691 5370 2737 5432 A
2961 5366 3026 5417 26
3064 5365 3417 5434 aduenissent]
3453 5368 3783 5417 deuenissent

529 5460 616 5508 OB
822 5460 1049 5520 ipsisque
1086 5473 1154 5506 sc.
1196 5457 1423 5519 reliquiis
1461 5457 1550 5503 XZ
1757 5456 2088 5503 adulationem
2129 5456 2172 5502 X
2399 5450 2731 5520 pugnaturos]
2768 5454 2974 5517 HPVA,
3015 5462 3330 5517 pugnaturus
3373 5454 3431 5516 O,
3475 5460 3783 5516 pugnaturas

518 5547 581 5606 B,
620 5547 919 5608 pugnaturis
956 5546 1005 5592 Χ
1015 5545 1091 5592 ῩΖ

698 5761 741 5822 l)
781 5762 974 5810 Horum
1009 5767 1053 5810 et
1091 5763 1395 5823 sequentium
1430 5762 1691 5820 epitomum
1727 5758 1813 5805 dat
1850 5757 2087 5804 Iordanes
2124 5760 2177 5804 in
2215 5755 2448 5803 Romanis
2484 5770 2524 5807 c,
2569 5757 2688 5803 347.

676 5862 918 5903 Ioannes.
2789 5885 2796 5890 ·
3309 5858 3323 5906 l
3337 5858 3364 5905 '1
