4882 6775
1122 466 1148 524 1
1168 462 1241 524 18
2567 456 2926 514 IORDANIS

863 648 1075 715 XLIV
1117 648 1593 715 ordinaverunt.
1681 649 1784 714 his
1828 649 2105 734 peractis
2148 667 2437 733 paceque
2484 654 2713 713 cuncta
2758 647 3041 727 munitis,
3094 647 3280 713 tertio
3311 647 3558 714 decimo
3589 650 3771 733 regni
3818 649 3917 714 sui
3960 670 4126 714 anno
4158 649 4371 714 Theo-

719 855 899 921 XLV
942 857 1067 919 235

1113 751 1375 818 deridus
1422 752 1738 818 occubuit.

1289 856 1408 922 Cui
1469 855 1667 922 frater
1710 855 2024 948 Eurichgg
2080 854 2478 939 praecupida
2536 854 2945 919 festinatione
3007 853 3358 919 succedens
3420 872 3612 919 sceva
3667 854 4030 939 suspicione
4076 857 4370 940 pulsatus

1115 966 1235 1025 est.
1327 979 1476 1023 nam
1523 960 1674 1024 dum
1720 959 1884 1024 haec
1941 959 2111 1024 circa
2155 958 2667 1040 Vesegotharum
2729 964 2922 1040 gente
2968 963 3034 1021 et
3075 956 3205 1021 alia
3264 958 3575 1022 nonnulla
3632 963 3960 1041 geruntur,
4013 959 4372 1025 Valentini-

1113 1081 1278 1127 anus
1338 1062 1685 1147 imperator
1744 1062 1890 1128 dolo
1950 1060 2215 1127 Maximi
2274 1061 2528 1126 occisus
2589 1067 2688 1125 est
2742 1066 2806 1124 et
2862 1059 3002 1144 ipse
3065 1060 3384 1125 Maximus
3452 1061 3815 1143 tyrrannico
3874 1081 4047 1126 more
4104 1082 4370 1146 regnum

1112 1164 1369 1230 invasit.
1464 1166 1637 1247 quod
1682 1165 1953 1230 audiens
1999 1164 2355 1249 Gyzericus
2414 1184 2528 1228 rex
2573 1162 3013 1229 vandalorum
3059 1163 3143 1227 ab
3188 1163 3409 1229 Africa
3452 1171 3701 1230 armata
3745 1164 3953 1229 classe
4005 1165 4073 1228 in
4116 1165 4371 1230 Italiam

1115 1268 1290 1333 venit
1334 1269 1704 1351 Romaeque
1763 1268 2099 1350 ingressus
2162 1274 2393 1332 cuncta
2445 1267 2762 1333 devastat.
2861 1266 3181 1332 Maximus
3241 1287 3394 1332 vero
3455 1267 3709 1351 fugiens
3768 1287 3810 1331 a
3859 1267 4137 1350 quodam
4184 1269 4362 1349 Vrso,

947 1372 1070 1434 236
1117 1371 1319 1436 milite
1378 1372 1699 1451 RomanO,
1766 1371 2186 1456 interemptus
2245 1378 2345 1436 est
2365 1373 2435 1451 ¹).
2532 1377 2677 1454 post
2735 1390 2924 1452 quem
2984 1370 3162 1435 iussu
3216 1370 3526 1435 Marciani
3582 1370 3983 1454 imperatoris
4029 1371 4371 1437 Orientalis

950 2198 1070 2259 237

1113 1473 1510 1538 Maiurianus
1544 1473 1957 1539 Occidentale
2005 1474 2291 1557 suscepit
2332 1473 2669 1558 imperium
2704 1472 3216 1555 gubernandum.
3310 1472 3427 1539 sed
3473 1480 3537 1538 et
3580 1472 3722 1557 ipse
3752 1493 3877 1538 non
3923 1473 4032 1538 diu
4064 1494 4366 1556 regnans,

1116 1577 1268 1641 dum
1314 1584 1537 1659 contra
1580 1577 1858 1659 AlanoS,
1928 1577 2037 1661 qui
2083 1576 2335 1641 Gallias
2389 1576 2819 1657 infestabant,
2874 1576 3180 1641 movisset
3224 1575 3650 1660 procinctum,
3706 1577 3987 1641 Dertona
4028 1576 4211 1642 iuxta
4253 1576 4373 1642 flu-

1115 1678 1289 1743 vium
1336 1660 1518 1762 Hy'i‘a
1564 1687 1980 1762 cognomento
2041 1678 2366 1745 occiditur.
2466 1680 2647 1745 cuius
2694 1678 2899 1743 locum
2948 1679 3222 1744 Severus
3279 1678 3518 1743 invasit
3535 1680 3606 1763 2),
3662 1680 3770 1761 qni
3813 1680 3998 1744 tertio
4041 1699 4208 1745 anno
4251 1680 4375 1744 im-

1116 1780 1279 1866 perii
1324 1782 1425 1846 sui
1470 1784 1712 1847 Romae
1757 1782 1934 1847 obiit.
2032 1781 2203 1864 quod
2250 1802 2520 1847 cernens
2565 1783 2694 1848 Leo
2738 1782 3105 1866 imperator,
3165 1782 3273 1864 qui
3318 1781 3384 1846 in
3431 1781 3744 1847 Orientali
3804 1802 4002 1865 regno
4048 1783 4374 1848 Marciano

1119 1892 1552 1967 successerat,
1615 1885 2025 1950 Anthemium
2072 1886 2409 1969 patricium
2460 1906 2644 1950 suum
2697 1886 2999 1950 ordinans
3046 1886 3285 1950 Romae
3342 1884 3700 1969 principem
3747 1884 4078 1950 distinavit
4096 1889 4171 1967 3).
4266 1886 4376 1967 qui

1116 1988 1383 2054 veniens
1428 1988 1578 2053 ilico
1611 1989 2004 2053 Recimerem
2052 2008 2359 2071 generum
2409 2008 2595 2053 suum
2643 1996 2862 2054 contra
2891 1989 3136 2054 Alanos
3182 1988 3434 2068 direxit,
3486 1988 3692 2051 virum
3739 1989 4069 2070 egregium
4103 1996 4169 2054 et
4210 2008 4375 2074 pene

1116 2098 1268 2157 tunc
1311 2091 1377 2156 in
1425 2091 1619 2157 Italia
1658 2091 1745 2155 ad
1789 2091 2136 2156 exercitum
2186 2092 2604 2175 singularem.
2700 2092 2810 2174 qui
2856 2100 2921 2157 et
2964 2091 3371 2157 multitudine
3401 2092 3751 2156 Alanorum
3798 2098 3862 2156 et
3892 2112 4110 2174 regem
4156 2111 4374 2156 eorum

1120 2195 1440 2277 Beorgum
1496 2194 1565 2259 in
1624 2194 1831 2279 primo
1877 2194 2091 2260 statim
2149 2195 2497 2260 certamine
2558 2202 2894 2279 superatos
2945 2194 3347 2259 internicioni
3407 2194 3772 2278 prostravit.
3866 2194 4135 2259 Euricus
4195 2214 4367 2279 erg0,

1121 2297 1632 2379 vesegotharum
1663 2317 1796 2376 rem
1853 2298 2139 2362 crebram
2185 2297 2600 2362 mutationem
2634 2298 3059 2362 Romanorum
3091 2295 3451 2381 principum
3483 2315 3752 2362 cernens
3782 2297 4034 2362 Gallias
4080 2316 4195 2362 suo
4237 2298 4377 2363 iure

1116 2400 1299 2465 nisus
1345 2406 1444 2465 est
1487 2420 1823 2485 occupare.
1904 2401 2073 2484 quod
2120 2401 2503 2484 conperiens
2534 2401 2916 2466 Anthemius
2955 2401 3305 2485 imperator
3333 2400 3687 2465 Brittonnm
3720 2400 3961 2465 solacia
4005 2400 4371 2483 postulavit.

1119 2523 1385 2586 quorum
1429 2524 1544 2569 rex
1591 2503 1904 2569 Riotimus
1950 2522 2093 2569 cum
2140 2503 2480 2569 duodecim
2542 2504 2722 2569 milia
2764 2504 3032 2569 veniens
3076 2504 3143 2568 in
3188 2503 3530 2587 Beturigas
3575 2502 3832 2567 civitate
3877 2503 4135 2569 Oceano
4180 2523 4217 2569 e
4259 2523 4378 2569 na-

1295 2903 1413 2951 HP
1441 2904 1482 2949 V
1505 2903 1547 2951 L
1575 2905 1618 2950 A
1653 2901 1695 2948 O
1721 2902 1766 2949 Β
1794 2904 1836 2948 X
1868 2902 1934 2961 (Y
1959 2902 2037 2961 Z).
2116 2901 2242 2949 Rau.
2286 2905 2335 2958 4,
2384 2904 2445 2949 19
2479 2916 2529 2961 p.
2564 2902 2662 2948 218
2699 2900 2765 2948 ad
2801 2917 2848 2950 v.
2886 2899 2975 2950 11:
3029 2914 3119 2962 per
3155 2901 3439 2949 Pannonias
3474 2907 3738 2948 transeunt
3773 2901 3988 2961 plurima
4023 2900 4258 2959 flumina,
4301 2902 4380 2948 in·

1118 2995 1195 3036 ter
1228 2995 1394 3037 cetera
1434 3025 1445 3036 .
1478 3025 1490 3037 .
1525 3025 1537 3037 .
1578 2988 1673 3036 Ira.
1749 2987 1942 3035 Paulus
1977 2988 2023 3033 h.
2064 2986 2127 3035 B.
2174 2989 2256 3048 16,
2301 2990 2324 3033 1
2373 2986 2458 3047 (10
2496 2989 2639 3035 iuxta
2674 2988 2884 3034 fluvium
2922 2991 2967 3034 et
3007 2984 3068 3034 15
3106 2988 3196 3047 qui
3229 3012 3299 3021 —
3338 2986 3400 3035 16
3438 2988 3748 3048 prostravit).
3825 2985 4092 3046 &eccisus
4129 2989 4176 3045 2,
4221 2990 4270 3049 ὀ,
4313 2990 4379 3035 17

1124 3072 1207 3135 (13
1243 3076 1333 3136 qui
1364 3101 1436 3109 —
1474 3072 1537 3122 16
1574 3075 1881 3136 prostravit).

1293 3228 1315 3278 1
1358 3242 1630 3293 pacemque
1673 3228 1714 3275 O
1922 3229 2114 3276 cunctis
2151 3226 2343 3274 ABXY
2548 3228 2751 3274 monitis
2788 3226 2880 3274 LO
3100 3226 3421 3274 theodoridus
3462 3227 3521 3285 Z,
3563 3226 3878 3275 theodericus
3917 3226 4029 3285 LA,
4070 3227 4380 3275 theodoritus

1122 3313 1210 3362 OB
1420 3314 1449 3363 3
1488 3316 1687 3363 euricus
1728 3313 1831 3376 OB,
1876 3313 2094 3362 eurchus
2132 3315 2195 3373 A,
2238 3312 2494 3362 eutichius
2535 3311 2618 3360 X‘
2824 3309 3148 3379 praecupida]
3184 3314 3458 3376 percupida
3494 3312 3556 3375 B,
3597 3313 3780 3375 cupida
3820 3313 3862 3361 O
4072 3314 4381 3363 suscendens

1122 3402 1164 3450 O
1370 3397 1543 3468 sceua]
1580 3401 1893 3472 HPVLAO,
1925 3415 2048 3450 seua
2086 3399 2230 3447 BXY
2446 3400 2478 3448 4
2519 3400 2877 3459 uisigothorum
2920 3400 3073 3461 XYZ,
3115 3402 3373 3461 gothorum
3411 3402 3454 3447 A
3663 3396 3836 3465 gente]
3871 3399 3937 3458 Η,
3981 3406 4181 3460 gentem
4218 3402 4305 3449 rel.

1117 3488 1439 3536 ualentianus
1479 3488 1521 3535 O
1768 3487 1798 3534 5
1836 3488 2079 3534 maximi*
2118 3486 2174 3546 L,
2220 3488 2458 3534 maximis
2496 3484 2570 3532 B·
2814 3493 2891 3534 est
2927 3500 3024 3535 om.
3059 3487 3100 3534 O
3333 3482 3646 3552 tyrrannico]
3683 3487 3794 3546 ΗΡ,
3835 3487 4253 3547 ty(veli)rannico
4288 3489 4377 3536 rel.

1119 3573 1150 3622 6
1187 3570 1472 3641 gyzericus]
1509 3573 1761 3633 HPVYZ,
1804 3575 2048 3634 gizericus
2087 3571 2323 3621 LAOBX
2621 3572 2989 3620 uuandororum
3025 3571 3098 3619 L⁰
3399 3568 3612 3639 armata]
3648 3586 3781 3620 arma
3821 3572 3864 3619 0
4155 3574 4298 3621 italia
4338 3574 4381 3622 O

1119 3661 1145 3707 7
1185 3674 1472 3722 romamque
1497 3660 1735 3708 AOBXY
1940 3666 2120 3707 cuncta
2154 3672 2250 3707 om.
2286 3658 2374 3706 OB
2582 3671 2690 3706 orso
2719 3659 2822 3718 OB,
2866 3672 2982 3706 urso
3019 3660 3220 3707 nomine
3248 3661 3290 3705 A
3501 3658 3531 3707 8
3569 3655 3740 3726 quem]
3777 3672 3925 3720 quam
3968 3658 4010 3705 O
4219 3658 4384 3708 orien-

1117 3742 1259 3813 talis]
1296 3746 1572 3794 occidentis
1609 3748 1654 3793 A
1881 3744 1912 3793 9
1951 3740 2284 3811 maiurianus]
2321 3744 2526 3804 HPVL,
2569 3745 2868 3793 maiorianus
2906 3744 3063 3806 AOB,
3107 3746 3396 3794 maurianus
3432 3745 3570 3792 XYZ
3777 3746 3896 3804 gub.
3936 3757 4032 3792 om.
4076 3745 4121 3791 A
4331 3755 4383 3794 et

1116 3846 1213 3881 om.
1254 3832 1297 3880 L
1524 3845 1699 3892 regnas
1740 3831 1782 3879 O
2013 3831 2075 3879 10
2112 3827 2257 3896 dum]
2293 3833 2388 3879 iam
2433 3831 2476 3878 O
2703 3831 2869 3879 alonos
2911 3830 2982 3878 0⁶
3210 3833 3485 3880 monuisset
3520 3830 3580 3891 L,
3624 3833 3842 3879 mouisse
3883 3831 3925 3878 O
4151 3828 4383 3898 dertona]

1118 3916 1322 3978 HPVL,
1367 3917 1569 3966 detorna
1607 3919 1667 3979 A,
1712 3917 1969 3977 idergonia
2011 3917 2070 3976 O,
2113 3917 2348 3976 idergona
2383 3917 2446 3975 B,
2489 3917 2727 3965 desetona
2763 3916 2900 3963 ΧΥΖ
3131 3916 3188 3965 11
3230 3913 3371 3982 hyra]
3409 3915 3615 3976 HPVL,
3657 3916 3765 3965 hira
3803 3916 3958 3976 AXY,
4000 3918 4075 3964 ira
4114 3917 4205 3965 OB
4228 3917 4379 3980 Rev„

1116 4005 1310 4052 Hiriam
1349 4004 1540 4051 Paulus
1784 4008 2107 4063 cognomento
2142 4015 2237 4051 om.
2268 4002 2508 4050 HPVLA
2737 4002 2919 4051 occidit
2960 4002 3002 4050 O
3248 3999 3480 4068 seuerus]
3517 4016 3753 4050 reuersus
3791 4003 3897 4064 ΧΖ,
3940 4015 4036 4050 om.
4080 4005 4134 4050 in
4166 4004 4303 4051 hiatu
4351 4004 4390 4051 Y

1121 4088 1182 4139 12
1220 4085 1367 4155 obiit]
1401 4090 1641 4138 occubuit
1668 4089 1710 4136 O
1924 4087 1983 4137 13
2024 4102 2171 4136 suum
2210 4103 2304 4137 om.
2336 4090 2381 4135 A
2592 4103 2756 4136 romae
2793 4103 2888 4137 om.
2918 4088 2961 4135 L
3173 4089 3452 4137 distenauit
3491 4087 3548 4149 Ρ,
3591 4089 3848 4137 ordinauit
3887 4089 3976 4136 OB
4188 4089 4249 4137 14
4286 4105 4384 4138 ue-

1119 4178 1266 4224 nient
1306 4175 1348 4222 O
1556 4170 1874 4241 recimerem]
1908 4174 2053 4221 HPV
2078 4176 2237 4235 Frec.,
2279 4176 2559 4222 ricimerem
2598 4174 2808 4237 LAOB,
2851 4177 3147 4235 regimerem
3185 4175 3321 4222 ΧΥΖ
3529 4188 3764 4234 generem
3794 4175 3836 4222 O
4045 4176 4246 4225 albanos
4269 4176 4313 4224 L

1117 4262 1252 4310 dixit
1285 4262 1326 4307 V
1531 4275 1710 4310 uerum
1753 4262 1795 4309 O
2006 4262 2227 4322 gregium
2268 4260 2313 4308 P
2521 4256 2674 4325 pene]
2711 4274 2774 4321 pe
2811 4260 2853 4307 L
3093 4260 3153 4309 15
3191 4268 3313 4309 tunc
3347 4277 3443 4309 om.
3477 4262 3522 4308 A
3748 4262 3940 4309 italiam
3983 4262 4024 4309 O
4234 4276 4384 4310 exer-

1122 4348 1302 4395 citium
1341 4346 1533 4396 LOXY
1736 4349 1824 4410 qui
1862 4344 1937 4413 et]
1974 4349 2063 4409 qui
2099 4347 2159 4408 B,
2202 4359 2297 4396 om.
2334 4347 2375 4394 O
2606 4343 2962 4412 multitudine]
3000 4346 3158 4408 HPV,
3203 4348 3585 4396 multitudinem
3625 4347 3910 4395 LAOBXY
4143 4347 4204 4397 16
4242 4350 4389 4397 beor-

1124 4428 1267 4499 gum]
1303 4433 1591 4481 HPVLAX
1602 4434 1641 4480 Y
1658 4434 1813 4495 Frec.‚
1855 4434 2099 4493 beurgum
2141 4432 2230 4480 OB
2461 4438 2729 4495 superatus
2769 4432 2827 4494 0,
2872 4447 3114 4494 superans
3151 4434 3196 4481 A
3406 4430 3752 4501 internicioni]
3788 4433 3856 4494 H,
3897 4435 4233 4483 internecioni
4273 4434 4383 4495 ΡΥ,

1128 4519 1449 4567 internitioni
1485 4519 1639 4581 LOB,
1681 4522 2018 4568 internetione
2055 4521 2114 4581 Χ,
2156 4519 2443 4567 internione
2488 4519 2540 4580 Y,
2582 4519 2640 4566 ad
2678 4520 3076 4567 internecionem
3116 4520 3161 4566 A
3432 4515 3659 4586 euricus]
3695 4519 4015 4568 theodoridus
4052 4520 4187 4569 Frec.
4229 4521 4303 4568 hic
4340 4526 4388 4568 et

1124 4605 1350 4665 deinceps
1587 4600 1723 4671 ergo]
1760 4618 1880 4653 uero
1918 4605 1962 4651 Β
2241 4603 2301 4652 17
2341 4604 2742 4664 uuisigothorum
2782 4605 2828 4650 X
2835 4604 2876 4651 Y
3116 4606 3286 4653 crebra
3323 4608 3602 4654 mutatione
3644 4606 3703 4662 0,
3745 4607 3940 4654 crebam
3977 4608 4303 4654 mutationem
4341 4606 4389 4653 Β

1129 4690 1189 4740 18
1226 4704 1542 4753 compescens
1577 4693 1622 4738 A
1854 4686 2008 4757 imp.]
2045 4689 2558 4750 HPVLAXYFrec.‚
2604 4691 2724 4752 imp.
2767 4692 2997 4753 protinus
3038 4690 3129 4738 OB
3359 4691 3449 4741 sol.
3491 4693 3745 4740 britonum
3785 4692 3874 4740 OB
4105 4693 4388 4755 postulauit

1122 4791 1221 4825 om.
1252 4778 1297 4824 A
1512 4776 1575 4826 19
1612 4778 1944 4826 donamus
1969 4775 2066 4838 1²⁸,
2109 4775 2378 4824 riothimus
2419 4777 2525 4836 OB,
2567 4776 2810 4825 riutimud
2850 4778 2926 4823 A:
2967 4777 3195 4825 notimus
3231 4777 3368 4825 stoc.
3581 4779 3793 4826 milibus
3831 4765 4095 4826 AOB⁶XY
4295 4780 4388 4827 be-

1124 4864 1311 4911 turicas
1346 4863 1548 4925 HPVL,
1589 4865 1826 4912 bituricas
1863 4864 1927 4924 A,
1970 4868 2209 4924 ueturgas
2250 4862 2360 4923 OB,
2402 4865 2633 4924 ueturiga
2669 4864 2717 4910 Χ
2727 4863 2808 4910 YZ
3016 4859 3248 4928 ciuitate]
3285 4863 3580 4924 HPVLXY,
3623 4866 3879 4913 ciuitatem
3918 4864 4058 4912 AOB

1305 5153 1350 5215 1)
1394 5153 1464 5214 cf.
1508 5152 1827 5203 Marcellinus
1862 5155 1927 5204 ad
1962 5172 2010 5206 a.
2053 5160 2184 5207 455.-
2236 5157 2628 5205 Valentinianus
2675 5157 2906 5218 princeps
2950 5155 3059 5205 dolo
3095 5156 3301 5204 Maximi
3347 5156 3553 5218 patricii
3591 5192 3603 5204 .
3637 5193 3649 5205 .
3683 5193 3694 5206 .
3730 5193 3742 5206 .
3783 5162 4045 5206 truncatus
4084 5165 4179 5207 est.
4253 5159 4390 5207 idem

1127 5239 1380 5288 Maximus
1428 5241 1615 5288 invasit
1661 5241 1932 5302 imperium
1980 5244 2229 5304 tertioque
2274 5242 2559 5302 tyrannidis
2609 5256 2729 5290 suae
2776 5256 2947 5290 mense
2996 5243 3309 5290 membratim
3359 5242 3543 5291 Romae
3592 5258 3622 5290 a
3669 5243 3906 5292 Romanis
3954 5245 4239 5305 discerptus
4285 5251 4385 5293 est.

1125 5324 1429 5374 Genaericus
1466 5340 1553 5374 rex
1589 5326 1944 5374 Wandalorum
1984 5365 1995 5375 .
2031 5365 2042 5376 .
2078 5364 2090 5376 .
2124 5365 2137 5378 .
2175 5342 2241 5377 ex
2276 5330 2451 5376 Africa
2486 5328 2687 5377 Romam
2724 5331 2982 5389 ingressus
3017 5335 3098 5377 est
3132 5341 3290 5390 eaque
3326 5329 3450 5376 urbe
3487 5330 3638 5376 rebus
3675 5330 3906 5378 omnibus
3942 5331 4154 5392 spoliata
4189 5336 4279 5379 eet.

1301 5411 1349 5472 2)
1391 5412 1459 5473 cf.
1503 5411 1828 5460 Marcellinus
1862 5413 1930 5461 ad
1966 5429 2013 5462 a.
2058 5417 2153 5464 461
2176 5432 2191 5461 .·
2241 5414 2543 5463 Maiorianus
2582 5414 2761 5463 Caesar
2808 5416 2939 5476 apud
2977 5415 3249 5464 Dertonam
3293 5417 3438 5463 iuxta
3474 5415 3686 5463 nuvium
3723 5416 3812 5477 qui
3851 5416 3972 5463 Hira
4006 5416 4196 5464 dicitur
4230 5418 4394 5465 inter-

1132 5504 1336 5560 emptus
1372 5503 1474 5545 est:
1529 5498 1694 5546 locum
1731 5499 1843 5546 eius
1882 5499 2098 5548 Severus
2134 5500 2337 5547 invasit.
2414 5499 2484 5558 cs.
2527 5500 2737 5550 Roman.
2777 5514 2820 5548 c.
2862 5501 2979 5560 335,
3029 5500 3115 5548 ubi
3149 5505 3207 5548 ut
3245 5503 3299 5548 in
3332 5499 3650 5562 sequentibus
3685 5507 3860 5549 auctor
3894 5515 3950 5550 ea:
3993 5501 4172 5550 Geticis
4209 5503 4390 5560 hausit,

1125 5583 1207 5631 sed
1244 5585 1349 5632 alia
1385 5583 1588 5632 aliunde
1626 5582 1920 5644 adsumpsit.

1268 5660 1348 5730 ‘3)
1391 5668 1462 5729 cs.
1510 5669 1832 5719 Marcellinus
1867 5671 1935 5719 ad
1969 5685 2018 5719 a.
2061 5673 2162 5721 467
2181 5688 2196 5717 .·
2246 5671 2346 5719 Leo
2395 5674 2663 5734 imperator
2699 5671 3028 5721 Anthemium
3067 5675 3332 5735 patricium
3369 5674 3574 5721 Romam
3609 5675 3752 5722 misit
3787 5676 4236 5736 imperatoremque
4269 5688 4395 5722 con-

1130 5756 1317 5805 stituit.

4415 1592 4469 1632 10

4418 2107 4473 2147 15
