4882 6775
1738 505 1838 560 111.
1879 502 2540 562 ORTHOGRAPHICA.
3642 506 3762 566 167

1551 931 1699 1029 ΠΙ.
1796 929 2731 1028 ORTHOGRAPHICA.

685 1163 1184 1231 orthographiam,
1236 1163 1283 1216 si
1322 1164 1375 1216 ei
1412 1164 1691 1218 vocabulo
1728 1165 1784 1217 in
1832 1161 1939 1215 hoc
1984 1168 2217 1216 auctore
2268 1161 2426 1214 locus
2464 1166 2580 1225 est,
2634 1161 2915 1230 quomodo
2965 1161 3392 1223 constituerem,
3447 1162 3546 1215 diu
3583 1162 3768 1216 haesi-

514 1251 630 1304 tavi
688 1250 1071 1318 deprehensus
1121 1249 1344 1303 scilicet
1393 1249 1540 1302 inter
1586 1249 1851 1316 scopulos
1901 1249 2186 1303 diversos:
2250 1264 2376 1301 nam
2424 1254 2486 1300 et
2531 1247 2635 1299 hoc
2686 1248 3008 1301 evitandum
3059 1254 3208 1307 erat,
3268 1252 3333 1300 ut
3377 1263 3480 1315 pro
3536 1248 3766 1303 librario

512 1337 694 1403 ipsum
730 1343 1018 1389 auctorem
1056 1335 1431 1398 emendarem,
1471 1342 1530 1388 et
1564 1335 1725 1397 illud,
1767 1341 1830 1387 ut
1864 1339 2173 1401 apparatus
2210 1334 2483 1388 obscurus
2520 1338 2578 1385 ct
2614 1333 2882 1386 molestus
2920 1335 3192 1388 evaderet
3227 1335 3455 1401 pusillis
3492 1340 3551 1387 et
3590 1333 3768 1388 sutili-

512 1424 617 1476 bus
666 1422 1127 1476 adnotationibus
1174 1428 1469 1475 oneratus:
1524 1422 1766 1490 denique
1818 1421 1997 1473 lector
2044 1437 2153 1474 non
2201 1422 2322 1474 sine
2369 1420 2522 1473 iusta
2571 1435 2741 1473 causa
2790 1419 3181 1486 impediendus
3231 1426 3353 1473 erat
3399 1421 3768 1475 barbarismis

512 1507 753 1562 fortasse
792 1508 864 1562 ab
901 1514 1131 1561 auctore
1168 1508 1387 1561 alienis.
1463 1524 1531 1561 ea
1567 1508 1916 1561 incommoda
1952 1522 2077 1559 cum
2113 1506 2329 1573 pariter
2365 1506 2552 1559 omnia
2587 1506 2836 1572 effugere
2874 1522 2983 1559 non
3018 1521 3260 1573 possem,
3302 1514 3568 1576 quantum
3607 1508 3770 1560 licuit

511 1595 751 1649 mediam
787 1596 936 1650 viam
973 1596 1147 1649 tenni.
1222 1594 1544 1662 primarium
1584 1595 1821 1658 librum,
1870 1594 1929 1647 id
1980 1599 2069 1647 est
2104 1592 2669 1659 Heidelbergensem‚
2720 1592 2777 1644 in
2824 1592 3107 1659 principio
3156 1598 3343 1645 autem
3391 1593 3768 1647 Romanorum

510 1680 945 1750 Geticorumqne
983 1680 1093 1734 fine
1131 1680 1431 1734 deficiente
1468 1697 1536 1733 eo
1573 1680 1919 1744 Palatinum,
1970 1684 2070 1733 aut
2114 1679 2173 1733 in
2216 1684 2377 1732 textu
2422 1680 2841 1746 repraesentavi
2890 1684 2990 1731 aut
3036 1680 3094 1731 in
3141 1680 3506 1734 adnotatione
3554 1682 3767 1736 variam

512 1767 809 1821 lectionem
846 1767 1014 1820 ctiam
1052 1767 1109 1820 in
1146 1765 1233 1820 his
1268 1767 1488 1835 plenam
1525 1767 1821 1834 adscripsi.
1897 1782 1967 1819 ex
2004 1766 2239 1835 reliquis
2276 1758 2439 1820 libris
2474 1765 2615 1819 meis
2651 1765 2984 1819 varietatem
3022 1764 3511 1834 orthographicam
3547 1768 3767 1834 plenam

512 1854 676 1919 attuli
708 1855 779 1907 ad
808 1854 1030 1907 nomina
1065 1853 1293 1921 propria
1318 1859 1545 1921 praeter
1568 1854 1826 1921 vulgaria
1862 1858 1920 1905 et
1958 1854 2187 1906 usitata.
2249 1852 2475 1919 plenam
2512 1867 2633 1904 cam
2672 1852 2750 1906 ibi
2789 1866 3011 1920 quoqne
3048 1853 3344 1919 adscripsi,
3387 1854 3483 1907 ubi
3522 1856 3770 1909 varietas

514 1956 646 1993 vere
682 1940 1125 2008 orthographica
1160 1941 1293 1993 item
1330 1941 1402 1994 ad
1443 1942 1779 1994 sententiam
1818 1942 2107 2009 pervenit,
2153 1945 2217 1992 ut
2253 1939 2317 1992 fit
2355 1940 2410 1992 in
2440 1939 2611 2009 possit
2647 1945 2706 1990 et
2732 1943 2914 2007 posset
2950 1938 3360 2008 similibusque.
3438 1941 3569 1993 item
3607 1940 3679 1993 ad
3717 1960 3769 1992 m

510 2025 732 2079 finalem
770 2026 911 2080 male
949 2027 1210 2080 omissam
1249 2042 1392 2096 quae
1430 2028 1728 2095 pertinent,
1771 2027 1939 2080 attuli
1976 2027 2190 2080 omnia:
2234 2042 2360 2079 nam
2399 2040 2735 2094 quamquam
2774 2025 3186 2093 quodammodo
3221 2042 3415 2079 verum
3454 2032 3543 2080 est
3567 2027 3770 2079 Roma-

512 2131 656 2177 num,
698 2115 969 2175 Romanu,
1012 2115 1259 2166 Romano
1295 2115 1611 2180 promiscue
1649 2114 1801 2181 apud
1840 2114 2133 2167 Iordanem
2171 2113 2447 2179 usurpari,
2491 2112 2680 2181 aliqua
2718 2118 2872 2164 certe
2909 2111 3230 2165 differentia
3265 2113 3412 2166 inter
3437 2129 3535 2166 eas
3560 2111 3771 2168 formas

512 2200 602 2253 vel
641 2199 732 2252 hic
770 2200 1102 2263 intercedit,
1156 2206 1215 2252 et
1250 2200 1475 2253 omnino
1512 2215 1613 2253 usu
1656 2200 1858 2253 doctus
1894 2198 2151 2253 intellexi
2189 2198 2466 2251 eiusmodi
2504 2198 2664 2252 varia
2701 2197 2944 2250 lectione
2984 2197 3226 2251 lectores
3261 2215 3372 2252 non
3409 2206 3561 2252 recte
3601 2215 3781 2266 posse.

512 2302 725 2339 carere.
787 2286 937 2339 idem
974 2286 1131 2341 valet
1164 2286 1234 2339 de
1271 2305 1308 2339 n
1344 2287 1537 2340 littera
1574 2287 1630 2340 in
1664 2292 1851 2340 nactus
1885 2293 2128 2350 uarietas,
2168 2286 2444 2338 vicesimus
2479 2284 2795 2337 vicensimas
2831 2290 2939 2337 cet.
2982 2285 3037 2338 in
3074 2286 3146 2340 iis
3183 2302 3326 2355 quae
3363 2286 3445 2339 ita
3480 2288 3772 2340 restabant

513 2373 608 2427 ubi
647 2371 1050 2441 orthographia
1094 2360 1338 2426 barbara
1386 2373 1518 2427 libri
1554 2374 1805 2441 primarii
1843 2373 2070 2427 redibat
2104 2373 2162 2426 in
2198 2372 2325 2425 aliis
2364 2372 2500 2424 item
2538 2371 2733 2431 bonis,
2781 2386 3186 2438 saepenumero
3223 2373 3502 2426 eiusmodi
3541 2388 3772 2427 consen-

513 2474 634 2512 sum
671 2460 966 2522 adnotavi;
1006 2474 1133 2511 nam
1172 2473 1295 2511 cum
1335 2459 1550 2514 librarii
1590 2475 1701 2529 quo
1744 2459 2092 2529 antiquiores
2142 2463 2301 2519 sunt,
2353 2473 2420 2511 eo
2472 2456 2799 2523 diligentius
2845 2457 3108 2510 traditam
3160 2458 3448 2511 scribendi
3500 2460 3770 2513 rationem

514 2546 793 2598 retineant
828 2559 1005 2613 eaque
1047 2559 1151 2611 per
1198 2545 1409 2611 gradus
1456 2545 1774 2613 expellatur
1821 2550 1879 2598 et
1915 2546 1988 2599 ad
2025 2545 2313 2611 vulgarem
2363 2541 2731 2605 reformetur,
2785 2542 2913 2595 libri
2953 2544 3201 2609 primarii
3239 2544 3643 2612 orthographia
3680 2562 3773 2599 ac-

514 2630 847 2684 cedentibus
885 2631 1129 2684 testibus
1177 2631 1305 2684 aliis
1353 2646 1692 2698 magnopere
1742 2630 2119 2684 confirmatur.
2205 2634 2502 2698 practerea
2551 2628 3043 2696 orthographicam
3088 2630 3422 2683 varietatem
3474 2630 3592 2685 sere
3641 2649 3774 2700 sup-

511 2717 712 2784 pressi,
756 2734 824 2770 ne
862 2717 1089 2770 minima
1125 2733 1383 2786 quaeque
1420 2733 1520 2785 per
1556 2718 1868 2771 deteriores
1906 2719 2083 2772 libros
2119 2732 2465 2786 persequens
2503 2732 2614 2768 non
2653 2716 2833 2769 minus
2869 2715 3080 2781 ingenti
3120 2733 3283 2785 quam
3312 2716 3460 2771 futili
3495 2724 3772 2786 apparatu

515 2804 678 2857 utilia
712 2804 1149 2867 obscuraren11).
1200 2833 1269 2841 —
1316 2805 1379 2858 In
1428 2805 1669 2858 lectione
1721 2805 2118 2859 constituenda
2155 2819 2299 2873 quae
2338 2803 2426 2858 vel
2475 2803 2711 2871 antiqua
2746 2808 2936 2855 aetate
2974 2803 3055 2855 ita
3091 2803 3318 2857 diverse
3354 2805 3768 2867 scribebantur,

513 2896 577 2943 ut
611 2896 811 2944 neutra
847 2891 1130 2957 scriptura
1167 2905 1505 2958 magnopere
1544 2892 1989 2960 improbaretur,
2044 2891 2234 2960 qualia
2282 2897 2413 2944 sunt
2461 2890 2555 2942 secl
2597 2894 2702 2953 set,
2743 2888 2934 2941 obtulit
2969 2888 3185 2957 optulit,
3239 2890 3483 2944 inlustria
3519 2890 3768 2954 illustris,

516 2976 759 3046 thyqiu
806 2977 1048 3045 Fryqia,
1102 2977 1355 3044 expressi
1392 2978 1465 3031 ad
1504 2977 1707 3031 librum
1744 2979 2097 3047 primarium,
2138 2993 2241 3031 nec
2279 2976 2514 3030 multum
2553 2977 2610 3029 in
2646 2976 2859 3030 talibus
2906 2977 3131 3043 respexi
3184 2978 3410 3031 codices
3457 2979 3768 3047 sequiores,

514 3078 637 3116 cum
665 3064 720 3116 in
747 3070 1093 3131 agrammato
1120 3070 1350 3117 anctore
1376 3065 1650 3117 eiusmodi
1678 3065 1936 3118 codicum
1962 3065 2265 3119 diversitas
2293 3064 2552 3130 exiguam
2580 3062 2883 3115 utilitatem
2909 3061 3146 3116 habeat:
3176 3079 3508 3134 quamquam
3534 3066 3628 3134 qui
3655 3081 3772 3118 rem

512 3150 817 3217 diligenter
854 3155 1212 3220 exsequetur,
1256 3155 1465 3204 certam
1502 3151 1967 3204 consuetudinem
2005 3151 2155 3219 apud
2194 3149 2488 3204 Iordanem
2527 3163 2748 3217 quoque
2796 3148 2888 3201 hic
2936 3149 3052 3201 illic
3102 3150 3511 3217 deprehendet.
3590 3153 3668 3204 ita
3718 3153 3772 3205 in

513 3252 683 3304 supra
718 3237 909 3290 citatis
946 3236 1189 3289 inlustri-s
1228 3242 1289 3290 ut
1324 3238 1475 3304 apud
1513 3238 1779 3306 aequales
1816 3238 1897 3290 ita
1934 3239 2087 3305 apud
2127 3236 2421 3290 Iordanem
2464 3251 2687 3306 quoque
2724 3241 2941 3302 regnat.
2989 3236 3122 3289 item
3157 3238 3209 3305 s
3239 3235 3430 3289 littera
3465 3238 3771 3304 aspiratam

512 3324 786 3378 Graecam
824 3339 935 3377 non
970 3324 1179 3387 ubivis,
1220 3325 1322 3378 sed
1358 3324 1646 3394 plerisque
1686 3324 1827 3378 locis
1865 3324 2101 3392 expulit.
2169 3340 2237 3377 ex
2264 3322 2613 3377 soloecismis
2638 3322 2842 3375 admisi
2870 3322 3107 3375 maxime
3135 3338 3250 3385 eos,
3292 3323 3350 3375 in
3374 3322 3578 3394 quihus
3605 3323 3774 3377 libra-

512 3411 654 3464 rium
692 3410 1230 3478 lleidelbergensem
1266 3411 1378 3464 sibi
1416 3411 1683 3466 videbam
1720 3413 1801 3466 ita
1854 3418 2145 3473 constare,
2201 3417 2262 3465 ut
2308 3411 2678 3480 archetypum
2725 3425 2850 3462 eum
2901 3410 2957 3462 in
3006 3409 3092 3462 his
3141 3411 3491 3477 expressisse
3542 3412 3772 3465 dubium

512 3512 623 3549 non
660 3501 829 3560 esset,
871 3502 935 3549 ut
970 3502 1101 3550 sunt
1129 3515 1285 3566 pene,
1334 3499 1547 3561 Gracia,
1588 3517 1771 3568 nepus,
1813 3498 2111 3551 aduliscens
2147 3498 2369 3567 aliaque
2397 3496 2620 3551 similia.
2687 3509 2758 3549 ex
2785 3495 3003 3565 reliqua
3027 3495 3292 3550 barbarie
3317 3496 3378 3549 in
3403 3497 3773 3552 adnotatione

514 3583 788 3637 collocavi
827 3598 937 3635 non
975 3583 1153 3637 solum
1192 3599 1259 3637 ea
1295 3599 1439 3653 quae
1476 3601 1511 3637 a
1545 3584 1778 3638 librario
1820 3586 1999 3652 magis
2040 3601 2206 3654 quam
2244 3585 2318 3637 ab
2355 3589 2589 3636 auctore
2624 3581 2907 3650 proficisci
2955 3582 3285 3636 viderentur
3330 3586 3413 3646 (ut
3450 3584 3546 3637 ubi
3587 3604 3646 3636 oe
3691 3585 3775 3638 di-

514 3670 834 3737 phthongus
871 3670 928 3723 in
962 3690 990 3722 e
1026 3671 1117 3724 vel
1156 3689 1217 3722 ae
1253 3671 1413 3731 abiit,
1456 3687 1789 3741 quamquam
1828 3669 2072 3725 sortasse
2110 3671 2167 3725 in
2203 3685 2270 3723 ea
2307 3686 2368 3723 re
2406 3669 2631 3733 erravi),
2674 3669 2773 3722 sed
2813 3684 2880 3721 ea
2916 3683 3138 3737 quoque
3164 3684 3308 3738 quae
3334 3671 3644 3724 orationem
3671 3687 3774 3738 per

514 3773 575 3811 se
611 3757 936 3825 perplexam
972 3756 1094 3809 sine
1130 3756 1247 3809 ulla
1270 3757 1518 3811 utilitate
1555 3759 1722 3812 etiam
1760 3759 1940 3825 magis
1965 3758 2381 3812 obscurassent.
2450 3757 2530 3809 ita
2558 3756 2731 3823 possit
2761 3760 2957 3824 posset,
2999 3756 3363 3824 triumphatur
3388 3756 3766 3825 lm'umplmlor,

514 3844 677 3896 bonus
724 3844 911 3906 bonos,
960 3842 1140 3894 videre
1184 3843 1364 3895 videri
1410 3848 1478 3907 (3,
1522 3847 1569 3908 8)
1614 3844 1708 3898 ubi
1748 3845 1827 3897 ita
1864 3842 2310 3904 confunduntur,
2367 3849 2430 3896 ut
2465 3858 2534 3896 ne
2584 3842 2858 3895 eiusmodi
2910 3842 3135 3910 quidem
3185 3844 3403 3895 auctori
3454 3844 3561 3910 ipsi
3601 3845 3771 3897 talem

527 3946 771 3984 errorem
808 3935 964 3983 recte
1001 3929 1261 3996 imputes,
1302 3930 1456 3983 nolui
1493 3946 1627 3998 prae
1665 3932 1835 3984 nimia
1871 3930 2140 3998 religione
2178 3930 2450 3983 molestus
2488 3929 2610 3982 fieri
2648 3928 2960 3997 admisique
2998 3929 3336 3996 scripturam
3375 3931 3422 3983 si
3459 3948 3570 3984 non
3596 3932 3773 3984 tradi-

515 4025 660 4080 tam,
716 4024 868 4071 certe
906 4017 1109 4070 iustam
1158 4016 1399 4087 aliisque
1437 4018 1577 4071 locis
1616 4019 1688 4071 ab
1727 4023 1959 4071 anctore
1996 4023 2152 4071 recte
2187 4018 2452 4084 positam.

687 4102 961 4157 Primaria
996 4103 1053 4156 in
1088 4102 1541 4171 orthographicis
1577 4104 1853 4173 quaestio,
1894 4104 2181 4158 scribendi
2220 4105 2371 4157 ratio
2408 4104 2466 4157 in
2503 4102 2662 4158 libris
2701 4103 2928 4156 inventa
2965 4108 3243 4172 quatenus
3274 4104 3348 4156 ad
3373 4105 3554 4172 ipsum
3580 4111 3773 4158 aucto-

518 4207 630 4244 rem
667 4177 870 4244 redeat
911 4194 992 4253 (ut
1027 4190 1269 4257 exempli
1311 4205 1484 4245 causa
1525 4191 1836 4245 accusativi
1889 4191 2035 4258 plur.
2077 4192 2107 4241 4
2158 4191 2215 4244 in
2259 4208 2360 4242 uus
2402 4189 2648 4256 vestigia
2695 4205 2806 4242 non
2853 4191 3069 4244 incerta
3115 4189 3174 4244 in
3222 4191 3383 4245 libris
3419 4189 3691 4244 Plinianis
3739 4209 3774 4245 a

516 4276 849 4331 Detlefseno
887 4276 1238 4343 deprehensa
1273 4277 1394 4330 sinc
1432 4277 1608 4331 dubio
1645 4277 1717 4331 ab
1755 4283 1987 4330 auctore
2023 4278 2298 4340 veniunt),
2338 4277 2490 4343 apud
2530 4275 2824 4330 Iordanem
2863 4276 2946 4329 ita
2982 4284 3304 4344 comparata
3329 4282 3432 4338 est,
3476 4283 3538 4330 ut
3562 4277 3773 4331 certius
3803 4289 3818 4368 J

519 4381 684 4433 quam
721 4363 1049 4432 plerumque
1099 4361 1164 4416 fit
1211 4363 1499 4417 scribendi
1548 4365 1930 4431 proprietates
1978 4365 2254 4432 quaedam
2304 4370 2416 4417 tam
2467 4364 2524 4416 in
2572 4363 2773 4416 bonam
2824 4378 2988 4430 quam
3039 4363 3094 4416 in
3142 4364 3345 4417 malam
3394 4370 3612 4431 partem
3662 4364 3808 4431 ipsi÷

518 4450 782 4518 scriptori
821 4450 992 4503 tribui
1031 4450 1268 4516 possint.
1339 4464 1474 4503 sane
1512 4451 1600 4503 vel
1640 4451 1796 4503 solae
1834 4450 2134 4518 proborum
2172 4450 2439 4504 librorum
2479 4450 2535 4502 in
2571 4450 3028 4517 orthographicis
3065 4450 3421 4503 differentiae
3466 4431 3806 4530 ostendunt}

518 4538 668 4604 apud
706 4537 1003 4590 Iordanem
1041 4551 1261 4605 qnoque
1299 4543 1516 4590 mature
1555 4537 1815 4591 librarios
1852 4554 1886 4590 a
1922 4538 2131 4591 tradita
2169 4537 2451 4604 scriptura
2486 4537 2694 4604 passim
2733 4537 2804 4589 ad
2843 4553 2999 4590 suam
3051 4535 3378 4602 deflexisse3
3435 4537 3570 4607 qnid
3618 4536 3769 4606 quod

517 4623 607 4676 vel
657 4623 821 4690 primi
871 4623 1087 4677 ordinis
1136 4623 1264 4676 libri
1319 4623 1538 4692 aliquot
1585 4638 1807 4676 errores
1863 4623 2074 4678 habent
2132 4624 2433 4676 redeuntes
2488 4623 2561 4676 ad
2617 4622 3084 4690 orthographicas
3134 4624 3473 4678 mutationes
3520 4624 3578 4677 in
3625 4639 3773 4676 com-

519 4709 669 4762 muni
718 4724 910 4762 eorum
958 4709 1273 4778 archetypo
1320 4710 1597 4763 admissas
1634 4709 1705 4763 ab
1742 4714 1973 4763 auctore
2010 4710 2242 4763 alienas.
2318 4711 2399 4762 ita
2447 4710 2533 4771 55,
2578 4711 2640 4760 16
2687 4723 2812 4762 cum
2860 4709 3155 4763 Iordanem
3204 4710 3501 4777 scripsisse
3551 4715 3773 4764 constet

519 4812 588 4850 ex
628 4810 903 4849 consensu
939 4796 1211 4848 librorum
1249 4795 1449 4849 classis
1486 4796 1768 4850 secundae
1805 4797 2121 4866 tertiaeque
2166 4801 2264 4849 aut
2311 4796 2477 4848 aliam
2514 4796 2826 4849 Mevaniam
2863 4801 2962 4848 aut
2996 4795 3110 4847 alia
3147 4795 3430 4859 Mevania,
3481 4797 3770 4851 inventum

520 4882 577 4936 in
611 4883 773 4936 libris
809 4882 975 4949 primi
1013 4881 1230 4935 ordinis
1266 4883 1379 4934 aliu
1417 4883 1610 4935 evania
1647 4888 1846 4950 aperte
1885 4883 2147 4935 effectum
2187 4889 2275 4934 est
2312 4897 2381 4934 ex
2418 4880 2527 4934 hac
2565 4881 2807 4935 lectione
2843 4881 3070 4936 abiecta
3104 4882 3299 4935 littera
3334 4902 3415 4947 m,
3463 4883 3623 4952 quasi
3661 4901 3771 4938 non

521 4969 753 5022 initialis
790 4976 961 5031 esset,
1004 4968 1104 5022 sed
1141 4966 1343 5022 finalis.
1409 4968 1668 5022 similiter
1706 4971 1788 5031 55,
1835 4969 1895 5019 15
1934 4986 2083 5036 quem
2120 4982 2223 5035 pro
2259 4986 2412 5036 qaae,
2453 4969 2537 5031 57,
2567 4970 2596 5017 5
2635 4967 2859 5020 ‚nuttam
2896 4984 3000 5036 pro
3035 4968 3206 5021 multa
3244 4984 3468 5023 errores
3505 4975 3637 5023 sunt
3660 4986 3769 5023 non

520 5054 797 5114 Iordanis,
837 5055 939 5107 sed
978 5055 1271 5122 archetypi
1310 5054 1509 5107 classis
1544 5049 1777 5121 primae,
1819 5055 1969 5123 quod
2009 5055 2179 5107 etiam
2216 5055 2273 5108 in
2308 5054 2665 5121 gravioribus
2701 5069 2812 5108 non
2848 5055 3019 5108 semel
3055 5070 3323 5122 peccasse
3349 5072 3450 5109 suo
3475 5057 3601 5109 loco
3627 5056 3771 5110 vidi-

522 5157 660 5194 mus.
737 5141 912 5194 multo
950 5141 1130 5207 magis
1166 5140 1223 5194 in
1258 5140 1711 5208 orthographicis
1748 5140 1909 5193 unius
1949 5138 2081 5194 libri
2122 5141 2622 5208 Heidelbergensis
2668 5142 2993 5195 testimonio
3031 5140 3282 5197 defensis
3317 5129 3427 5197 non
3463 5159 3646 5211 pauca
3683 5144 3769 5196 in-

520 5233 685 5280 erunt
720 5227 794 5280 ab
832 5227 1010 5294 ipsius
1048 5227 1323 5294 scriptore
1359 5228 1503 5280 male
1540 5231 1780 5288 mutata,
1835 5232 1899 5279 ut
1945 5232 2078 5279 sunt
2125 5229 2209 5291 29,
2253 5229 2317 5280 26
2365 5227 2645 5281 cummissu
2694 5242 2799 5294 pro
2845 5228 3148 5290 commisso,
3197 5231 3283 5292 29,
3325 5230 3390 5281 28
3441 5248 3623 5282 ramae
3667 5246 3770 5298 pro

1056 5388 1155 5392 ff·-
1204 5387 1345 5394 2-s——-

697 5486 736 5549 ¹)
780 5489 849 5536 Vt
884 5490 1210 5548 intellegatur
1244 5490 1367 5550 quid
1404 5491 1476 5538 ita
1512 5491 1906 5552 suppresserim,
1957 5504 2021 5538 ex
2056 5492 2364 5551 praefatione
2402 5492 2758 5554 Romanorum,
2813 5493 2900 5540 ubi
2937 5493 3026 5540 soli
3063 5493 3178 5541 libri
3216 5493 3307 5541 PV
3337 5501 3644 5558 suppetunt,
3685 5496 3772 5542 ad-

523 5576 699 5637 scripsi
736 5589 864 5636 quae
903 5589 1003 5622 non
1039 5576 1270 5623 adnotavi
1311 5577 1515 5624 inventa
1551 5578 1603 5624 in
1652 5577 1718 5622 V:
1770 5592 1818 5638 p.
1866 5576 1913 5636 1,
1952 5577 1984 5625 4
2021 5573 2235 5642 mactae]
2270 5584 2426 5625 macte
2473 5604 2542 5614 ——
2590 5593 2822 5626 emmam
2867 5576 3176 5645 coynuaccre]
3222 5594 3323 5629 aer.
3375 5596 3656 5642 coynoscerc
3703 5608 3770 5616 -—

522 5661 554 5708 9
592 5657 950 5730 imayt'nariae]
1001 5663 1096 5708 -rie
1148 5688 1218 5695 —
1279 5661 1335 5708 13
1373 5660 1685 5728 auctoritate]
1731 5669 1845 5710 aut·
1893 5690 1963 5698 —
2023 5662 2079 5710 17
2119 5660 2377 5730 distr-tacto]
2423 5665 2667 5712 destructo
2720 5691 2788 5700 —
2848 5664 2923 5714 19.
2968 5665 3023 5713 21
3066 5663 3342 5732 yrecorum]
3384 5683 3668 5728 ymecorum
3703 5697 3771 5704 —

524 5746 588 5795 22
625 5743 899 5812 comatum]
933 5750 1191 5796 consulum
1229 5776 1297 5783 —
1334 5763 1384 5810 p.
1425 5748 1472 5806 2,
1517 5747 1547 5795 2
1583 5745 1753 5814 pelice]
1788 5752 1968 5809 yelicae
2004 5776 2072 5784 -—
2108 5745 2394 5814 eelcdlsaem]
2429 5750 2688 5797 edida'ssem
2724 5777 2792 5784 —
2829 5753 2858 5798 3
2895 5748 3149 5816 conperta]
3182 5758 3424 5813 comperta
3449 5781 3516 5788 —
3541 5752 3771 5822 erumna]

523 5848 758 5880 aerumna
796 5861 862 5867 —
900 5835 931 5882 6
968 5830 1197 5900 dileym]
1231 5835 1431 5894 diliycre
1468 5861 1534 5869 —
1572 5833 1683 5902 que]
1720 5851 1842 5899 quae
1878 5862 1943 5870 —
1982 5837 2013 5883 9
2048 5833 2375 5902 nouillaaime]
2411 5838 2721 5887 nobilissime.
