4882 6775
2005 495 2341 553 ROMANA.
3260 514 3263 517 '
3719 504 3758 563 4
3769 503 3798 563 1

550 694 883 770 utramque
940 707 1075 753 rem
1135 686 1459 773 publicam
1505 687 1802 770 'utrisque
1862 687 2016 753 filiis
2076 689 2356 771 quietam
2417 690 2807 772 relinquens.
2901 708 3131 775 corpus
3177 688 3317 754 eius
3363 689 3588 755 eodem
3633 709 3802 755 anno

549 790 1165 875 Constantinopolim
1212 790 1500 856 adlatum
1545 798 1737 874 atque
1783 792 2126 876 sepultum.

275 912 416 954 um.
445 915 524 955 :395
720 892 1083 958 Archadius
1151 900 1217 959 et
1287 894 1604 959 Honorius
1670 894 1899 959 fratres
1966 895 2082 959 filii
2163 895 2513 960 Theodosii
2593 895 2998 981 imperatoris
3067 903 3404 980 utrumque
3468 897 3804 981 imperium
3843 895 3968 957 319

551 996 778 1062 divisis
832 1004 1078 1062 tantum
1140 996 1403 1062 sedibus
1461 1003 1683 1062 tenere
1739 1003 2123 1081 coeperunt,
2189 997 2257 1062 id
2316 1005 2415 1064 est
2457 998 2819 1063 Archadius
2880 999 3092 1064 senior
3149 999 3805 1084 Constantinopolita-

551 1120 698 1163 nam
743 1101 995 1179 urbem,
1064 1100 1385 1165 Honorius
1432 1119 1582 1164 vero
1630 1101 2006 1165 Romanam.
2099 1108 2252 1165 tunc
2300 1101 2567 1166 Rufinus
2612 1102 2918 1186 patricius
2961 1101 3282 1166 Archadio
3330 1103 3604 1187 principi
3647 1103 3809 1166 insi-
3849 1120 3874 1157 5

552 1202 693 1266 dias
737 1202 1010 1267 tendens
1056 1204 1428 1268 Halaricum
1479 1203 1828 1267 Gothorum
1875 1223 2128 1286 regem,
2197 1210 2266 1268 ut
2311 1204 2579 1269 Grecias
2638 1204 3040 1285 devastaret,
3108 1205 3324 1270 missis
3386 1206 3551 1270 clam
3612 1225 3809 1290 pecu-

553 1307 677 1371 niis
741 1307 1057 1372 invitavit.
1156 1327 1344 1391 porro
1414 1307 1704 1371 detectus
1764 1304 2033 1370 Rufinus
2098 1308 2181 1371 ab
2240 1308 2471 1373 Italiae
2538 1308 2847 1372 militibus
2892 1314 2954 1372 et
3010 1308 3333 1374 Archadio
3395 1329 3537 1374 cum
3597 1309 3810 1373 Gaina

554 1409 779 1474 comite
825 1410 1152 1491 missus1),
1221 1416 1371 1474 ante
1428 1417 1646 1492 portas
1705 1409 1881 1474 urbis
1941 1409 2357 1476 detruncatus
2417 1418 2519 1476 est
2573 1419 2891 1496 caputque
2953 1412 3092 1476 eius
3153 1420 3217 1477 et
3268 1411 3535 1478 dextera
3579 1432 3808 1477 manus

277 1532 417 1573 mre.
448 1532 525 1574 396
551 1512 1163 1597 Constantinopolim
1207 1512 1294 1577 ad
1337 1512 1684 1577 ludibrium
1730 1511 2228 1578 circumductum
2278 1516 2303 1596 ΙΙ
2345 1534 2731 1597 uxoremque
2787 1514 2927 1580 eius
2972 1515 3297 1580 exulatam
3345 1534 3502 1599 opes
3546 1522 3808 1580 cunctas
3849 1532 3874 1572 9

279 1634 419 1675 ιω».
448 1637 526 1677 398
555 1615 896 1699 Eutropius
943 1615 1143 1698 spado
1189 1616 1557 1699 promeruit.
1609 1616 1632 1699 ΙΙ
1687 1615 1881 1680 Gildo
1926 1622 2078 1681 tunc
2122 1616 2378 1681 Africae
2424 1617 2622 1681 comis
2666 1638 2708 1681 a
2750 1617 3114 1683 Theodosio
3160 1617 3400 1683 dudum
3447 1617 3796 1698 ordinatus,
3844 1618 3969 1677 320

554 1738 632 1782 ae
691 1718 748 1782 si
803 1718 1154 1783 iuvenilem
1200 1738 1466 1800 regnum
1517 1725 1849 1802 utrumque
1895 1718 2296 1803 despiciens,
2358 1720 2481 1784 sibi
2528 1720 2697 1785 velle
2743 1721 2956 1804 coepit
3000 1720 3282 1785 Africam
3330 1721 3618 1805 optinere
3664 1727 3729 1785 et
3772 1740 3813 1784 a

555 1821 748 1886 fratre
809 1821 1062 1905 proprio
1107 1822 1426 1886 Mascezel
1484 1820 1637 1886 dum
1685 1841 1756 1886 se
1802 1821 2074 1886 vidisset
2118 1823 2432 1888 detectum
2482 1809 3012 1906 oppressionique
3058 1823 3369 1905 vicinum,
3432 1823 3694 1907 propria
3740 1842 3810 1888 se

278 1944 420 1985 mre.
449 1946 528 1985 aaa
555 1944 748 1989 manu
808 1925 1100 2008 peremit.
1161 1924 1186 2009 ΙΙ
1242 1925 1454 1989 Gaiua
1511 1945 1661 1990 vero
1721 1944 1918 2009 supra
1976 1926 2338 1991 nominatus
2397 1927 2596 1991 comis
2653 1926 3266 2010 Constantinopolim
3322 1926 3511 1991 civile
3571 1927 3810 1991 bellum

279 2048 419 2088 mre.
450 2048 529 2088 40⁰
555 2047 956 2092 commovens
1014 2034 1214 2093 totam
1279 2029 1499 2092 urbem
1557 2028 1694 2110 igni
1755 2029 2051 2111 ferroque
2108 2029 2391 2094 turbavit
2433 2033 2459 2113 ΙΙ
2503 2030 2886 2113 fugiensque
2931 2029 3332 2114 Hellisponto
3377 2030 3643 2114 piratico
3686 2030 3811 2094 ritu

555 2131 833 2196 vivebat.
930 2137 1147 2195 contra
1191 2151 1378 2213 quem
1426 2132 1643 2194 navali
1687 2131 1928 2215 proelio
1976 2133 2124 2196 dato
2171 2131 2355 2196 multi
2401 2133 2752 2197 Gothorum
2806 2132 2946 2197 eius
2993 2132 3278 2197 extincti.
3374 2132 3514 2216 ipse
3560 2151 3809 2215 quoque
3853 2153 3911 2191 15

281 2255 422 2295 nare.
451 2233 726 2297 405bello
773 2232 1056 2299 evadens
1100 2253 1247 2297 mox
1292 2239 1507 2298 tamen
1554 2233 1761 2318 capite
1807 2234 2128 2318 plectitur.
2235 2222 2380 2318 post
2424 2237 2607 2300 cuius
2654 2235 3132 2319 oppressionem
3166 2236 3189 2319 ΙΙ
3221 2236 3428 2299 Isauri
3472 2256 3588 2320 per
3631 2255 3811 2300 mon-
3849 2238 3962 2299 321

553 2343 678 2401 tem
760 2337 959 2400 Tauri
1026 2335 1462 2401 discursantes
1527 2337 1758 2419 ingens
1828 2336 2234 2421 dispendium
2300 2338 2393 2404 rei
2460 2339 2757 2422 publicae
2823 2339 3242 2421 inportarunt.
3360 2345 3579 2402 contra
3653 2358 3813 2419 quos

277 2461 421 2502 nm.
449 2462 531 2503 406
555 2438 994 2503 Narbazaicus
1062 2439 1343 2503 directus
1407 2439 1618 2503 maius
1685 2440 1981 2504 continuo
2048 2440 2343 2524 rependit
2404 2439 2899 2505 incommodum.
2958 2441 2983 2525 ΙΙ
3036 2440 3351 2524 Hesperia
3408 2461 3559 2505 vero
3617 2442 3816 2525 plaga

555 2541 622 2605 in
681 2562 878 2625 regno
923 2542 1191 2606 Houorii
1247 2542 1651 2627 imperatoris
1710 2542 1983 2626 primum
2030 2543 2437 2626 Radagaisus
2485 2544 2726 2627 Scytha
2786 2564 2929 2608 cum
2988 2542 3265 2608 ducenta
3323 2544 3504 2608 milia
3557 2564 3810 2609 suorum

557 2643 913 2709 inundavit.
1010 2666 1198 2728 quem
1259 2645 1502 2710 Huldin
1561 2653 1625 2711 et
1683 2647 1885 2711 Sarus
1942 2646 2316 2710 Hunnorum
2364 2646 2843 2729 Gothorumque
2903 2667 3091 2729 reges
3153 2655 3532 2731 superantes
3591 2665 3812 2712 omnes
3852 2666 3913 2708 20

281 2773 423 2814 nare.
453 2775 533 2814 4⁰8
560 2749 867 2832 captivos,
919 2767 1080 2830 quos
1126 2749 1496 2830 retulerant,
1550 2748 1822 2831 singulis
1867 2749 2080 2814 aureis
2124 2748 2577 2815 vendiderunt.
2614 2750 2639 2832 ΙΙ
2673 2749 2893 2814 Stilico
2943 2770 3090 2815 vero
3137 2749 3356 2829 comis,
3417 2749 3599 2814 cuius
3646 2750 3813 2815 duae
3853 2754 3978 2815 322

557 2851 730 2916 filiae
776 2851 980 2915 Maria
1024 2859 1089 2916 et
1131 2851 1508 2916 Hermantia
1552 2852 1849 2934 singulae
1894 2872 2131 2917 uxores
2176 2853 2443 2917 Honorii
2488 2852 2798 2937 principis
2843 2853 3021 2918 fuere
3067 2860 3133 2918 et
3176 2860 3485 2935 utraeque
3531 2853 3816 2936 virgines

557 2961 705 3018 sunt
750 2954 1125 3036 defunctae,
1192 2962 1446 3038 spraeto
1491 2956 1771 3020 Honorio
1823 2976 2219 3039 regnumque
2265 2956 2405 3021 eius
2452 2955 2711 3020 inhians
2755 2956 3104 3020 Alanorum
3153 2956 3508 3020 Suavorum
3557 2955 3819 3021 Vanda-

557 3050 886 3140 lorumque
940 3065 1169 3139 gentes
1229 3057 1417 3122 donis
1475 3058 1890 3142 pecuniisque
1949 3060 2223 3125 inlectas
2268 3065 2490 3124 contra
2532 3079 2800 3141 regnum
2847 3059 3112 3123 Honorii
3157 3059 3495 3139 excitavit,
3563 3060 3819 3124 Euche-

559 3160 721 3225 rium
781 3161 982 3225 filium
1042 3180 1225 3225 suum
1285 3182 1611 3245 paganum
1670 3169 1735 3227 et
1779 3163 2164 3227 Christianis
2208 3162 2484 3228 insidias
2529 3162 2895 3227 molientem
2942 3161 3207 3247 cupiens
3254 3162 3599 3227 Caesarem
3646 3162 3820 3227 ordi-
3859 3181 3921 3224 25

561 3284 736 3328 nare.
838 3263 948 3346 qui
1007 3283 1150 3329 cum
1212 3264 1438 3330 eodem
1497 3263 1630 3328 filio
1689 3285 1805 3330 suo
1866 3264 2117 3331 detecto
2177 3265 2323 3330 dolo
2382 3265 2633 3330 occisus
2692 3272 2812 3329 est.
2921 3284 3045 3348 quo
3105 3285 3273 3330 anno
3336 3272 3401 3330 et
3455 3265 3818 3330 Archadius

560 3366 906 3433 Orientalis
950 3367 1311 3453 imperator,
1364 3387 1645 3451 regnans
1691 3375 1841 3452 post
1884 3369 2127 3435 obitum
2173 3368 2375 3454 patris
2422 3389 2571 3433 ann.
2623 3387 2774 3451 x111,
2828 3368 3168 3434 defunctus
3217 3375 3334 3434 est.

414 3497 531 3540 ποια.
731 3471 1134 3537 Theodosius
1177 3472 1387 3536 iunior
1415 3472 1723 3536 Archadii
1769 3473 1940 3537 filius
1987 3473 2125 3537 loco
2172 3473 2374 3556 patris
2419 3473 2731 3538 successit
2773 3472 2840 3536 in
2883 3471 3176 3556 imperio,
3229 3472 3600 3537 aduliscens
3631 3492 3830 3554 egre-
3858 3475 3982 3537 323

133 3605 300 3646 uam.
334 3605 428 3644 ⁴50.
458 3604 537 3644 410
565 3574 729 3656 gine,
770 3574 795 3658 ΙΙ
827 3574 1246 3657 regnavitque
1292 3595 1397 3639 an.
1449 3593 1642 3638 xmn.
1703 3573 1728 3659 ΙΙ
1782 3575 2126 3640 Halaricus
2179 3596 2293 3640 rex
2337 3575 2846 3658 Vesegotharum
2891 3583 3209 3641 vastatam
3253 3575 3509 3639 Italiam
3557 3577 3822 3639 Romam

561 3677 893 3760 ingressus
940 3684 1039 3742 est
1085 3697 1369 3760 opesque
1400 3677 1666 3741 Honorii
1695 3678 1971 3760 Augusti
2018 3678 2450 3762 depraedatas
2482 3677 2838 3742 Placidiam
2884 3696 3162 3743 sororem
3208 3677 3348 3742 eius
3395 3676 3579 3742 duxit
3615 3677 3821 3762 capti·
3862 3700 3921 3739 :30

564 3800 730 3862 vam,
785 3799 976 3861 quam
1023 3788 1168 3864 post
1209 3781 1372 3845 haec
1403 3781 1711 3845 Atauulfo
1757 3782 2116 3846 successori
2161 3801 2296 3863 suo,
2349 3781 2417 3845 in
2461 3780 2864 3845 matrimonio
2909 3791 2981 3845 ut
3022 3782 3363 3867 acciperet,
3417 3780 3766 3864 delegavit.
3801 3780 3823 3868 ΙΙ

281 3913 430 3954 nare.
459 3914 534 3954 *ιι
566 3883 1019 3948 Constantinus
1085 3891 1235 3948 tune
1303 3883 1563 3966 quidam
1631 3884 1882 3948 Gallias
1951 3892 2296 3969 occupatas
2363 3885 2603 3949 invasit
2665 3884 2934 3968 imperio
3002 3885 3332 3967 filiumque
3400 3903 3585 3950 suum
3654 3886 3825 3951 Con-
3862 3888 3983 3950 324

564 3992 836 4050 stantem
895 4006 975 4050 ex
1036 3986 1344 4051 monacho
1389 3987 1734 4052 Caesarem
1793 3989 2130 4053 ordinavit.
2229 3988 2345 4053 sed
2403 4008 2552 4052 mox
2609 3987 2750 4072 ipse
2803 3987 2980 4071 apud
3025 3988 3395 4071 Arelatum,
3458 3987 3631 4053 filius
3681 3988 3821 4053 eius

281 4119 429 4161 nuc.
459 4119 540 4159 412
567 4089 742 4173 apud
785 4090 1097 4154 Viennam
1142 4110 1411 4172 regnum
1458 4111 1600 4155 cum
1648 4091 1779 4156 vita
1822 4093 2192 4157 amiserunt.
2240 4094 2266 4176 ΙΙ
2304 4092 2588 4173 itemque
2635 4111 2851 4156 eorum
2907 4089 3084 4155 exitu
3127 4091 3513 4156 inmemores
3556 4092 3819 4158 Iobinus
3858 4094 3981 4154 325

573 4299 1170 4308 OEm——u—-n——d
1185 4302 1282 4308 ---.
1309 4301 1390 4307 .--..-

741 4439 794 4484 H
818 4438 861 4484 P
883 4440 922 4486 S
951 4439 999 4500 (3
1027 4439 1309 4487 Archadius
1344 4465 1414 4473 -—
1445 4439 1504 4487 lo
1529 4441 1803 4501 promeruit
1837 4444 1881 4488 ct
1921 4438 1984 4488 18
2011 4439 2255 4500 Hesperia
2277 4467 2346 4473 —
2372 4438 2430 4488 31
2465 4439 2732 4501 delegavit)
2774 4438 2813 4485 V
2834 4439 2895 4487 L.
2934 4465 3005 4473 —
3043 4437 3171 4488 Mur.
3210 4454 3265 4499 p.
3297 4425 3423 4487 ‘238⁶
3457 4457 3505 4489 v.
3537 4439 3567 4487 4
3605 4446 3820 4490 tantum.

743 4594 764 4641 1
806 4596 1027 4656 quietam
1067 4608 1161 4642 om.
1193 4592 1266 4641 La
1498 4594 1529 4642 6
1565 4595 1838 4642 haralicum
1877 4594 1949 4641 1.ss
2174 4596 2387 4658 pecunia
2427 4593 2507 4641 1³⁴⁸
2736 4593 2763 4640 7
2802 4595 2949 4653 gaino
2986 4594 3028 4640 L
3260 4593 3291 4642 8
3328 4595 3677 4644 detruncatum
3715 4595 3757 4641 L

568 4695 667 4741 qne
702 4695 797 4730 om.
839 4680 882 4727 L
1093 4681 1271 4727 dextra
1307 4680 1345 4726 S
1552 4677 1751 4746 manus]
1794 4681 1852 4740 L,
1893 4696 2046 4729 manu
2083 4680 2264 4728 HPVS
2497 4679 2528 4727 9
2565 4681 2787 4727 exultam
2827 4679 2873 4724 P
3079 4680 3139 4727 13
3178 4683 3325 4739 gaino
3360 4681 3403 4727 L
3621 4679 3679 4729 14
3715 4688 3824 4728 tur·

571 4763 732 4832 bauit]
768 4768 994 4815 uastauit
1019 4767 1062 4813 L
1272 4763 1600 4832 hellisponto]
1640 4768 1746 4827 HP,
1791 4767 2102 4830 hellesponto
2135 4768 2188 4828 V,
2231 4768 2553 4829 hellespontii
2581 4766 2625 4813 L
2833 4762 2957 4831 ritu]
2995 4767 3073 4813 itu
3101 4764 3171 4812 L‘⁸
3386 4766 3445 4815 16
3483 4763 3594 4832 per]
3630 4774 3742 4828 post
3783 4769 3829 4812 ΙΙ

575 4851 638 4900 18
674 4855 905 4916 hesperia
941 4867 992 4900 u.
1034 4849 1200 4918 plaga]
1237 4853 1349 4901 libri
1562 4853 1624 4901 19
1661 4855 1949 4913 ragadaisus
1984 4853 2023 4900 V
2228 4853 2476 4902 duocenta
2514 4852 2638 4900 PSL
2847 4850 2912 4899 20
2947 4852 3196 4899 hunorum
3245 4853 3285 4899 V
3489 4852 3552 4901 22
3589 4853 3826 4900 herman-

570 4935 666 5004 tia]
701 4938 903 4997 HPVL,
944 4940 1228 4987 hermancia
1264 4939 1331 4986 S.-
1370 4942 1637 5000 requiritur
1673 4940 1998 4987 Thermantia
2206 4938 2270 4987 23
2309 4935 2530 5004 spraeto]
2569 4939 2622 4999 S,
2665 4944 2857 4999 spraeto
2892 4937 3052 5000 HPV,
3096 4944 3261 4999 spreto
3297 4938 3341 4985 L
3549 4936 3829 5005 alanorum]

570 5027 938 5073 alamannorum
979 5026 1021 5072 L
1233 5027 1513 5073 Sueuorum
1553 5027 1873 5073 Marcellinus
2083 5025 2146 5074 24
2184 5027 2345 5073 domis
2385 5025 2428 5072 L
2637 5024 2703 5072 25
2740 5038 2987 5086 pacanum
3023 5024 3219 5085 HPVS,
3271 5039 3464 5086 pagano
3502 5024 3545 5071 L
3754 5021 3829 5089 et]

572 5127 600 5158 e
641 5111 683 5158 L
924 5113 1183 5160 molientes
1224 5112 1266 5159 L
1509 5111 1574 5161 28
1610 5115 1722 5161 loko
1758 5113 1860 5159 ΗΡ
2099 5114 2353 5174 aegregius
2389 5111 2433 5157 P
2681 5111 2747 5159 29
2785 5109 2869 5171 τᾶς
2904 5112 3051 5158 annis
3090 5110 3134 5157 L
3378 5112 3468 5159 xlii
3510 5109 3829 5159 Marcellinus

574 5199 639 5245 30
676 5199 918 5260 placidam
956 5200 994 5247 V
1217 5198 1276 5246 31
1319 5200 1543 5247 athaulfo
1578 5199 1638 5259 L,
1681 5200 1912 5246 azauulfo
1959 5199 1997 5246 V
2221 5199 2286 5246 32
2324 5199 2639 5246 constantius
2682 5198 2719 5244 1.
2928 5193 3158 5262 imperio]
3193 5196 3383 5244 HPVL
3584 5203 3695 5257 post
3730 5197 3826 5243 im-

575 5287 709 5347 perio
753 5285 878 5346 quod
925 5284 1118 5332 addunt
1155 5285 1259 5332 cod.
1303 5285 1444 5334 vind.
1489 5287 1587 5332 ⁶203
1625 5291 1669 5332 cl
1706 5285 1854 5334 cdd.:
1905 5287 2076 5332 statim
2124 5285 2291 5332 hostes
2338 5287 2451 5331 eius
2500 5291 2669 5332 contra
2718 5299 2834 5332 eum
2886 5284 3146 5331 seuientcs
3193 5284 3455 5345 filiumque
3500 5283 3642 5331 illius
3680 5296 3829 5343 regno

575 5373 772 5433 priuare
820 5372 1085 5433 cupientes
1130 5372 1425 5419 monachum
1474 5387 1591 5419 eum
1639 5373 1893 5418 fecerunt:
1950 5373 2059 5431 ipse
2109 5385 2262 5418 sanus
2312 5387 2340 5418 a
2385 5372 2536 5430 gallia
2571 5377 2830 5418 reuertens
2866 5372 3035 5417 statim
3072 5371 3233 5416 filium
3273 5383 3422 5416 snum
3458 5370 3591 5417 abeat
3626 5385 3657 5416 a
3694 5369 3831 5416 libris

575 5457 712 5504 bonis
748 5462 792 5504 ct
827 5473 860 5504 α
900 5456 1185 5505 Marcellino
1409 5457 1472 5505 33
1511 5460 1618 5519 ipso
1658 5457 1699 5504 L
1904 5459 2091 5505 alatum
2130 5457 2206 5502 1²⁰
2436 5457 2499 5505 34
2539 5459 2784 5504 uiennum
2822 5456 2934 5518 ΗΡ,
2976 5457 3239 5504 uiennium
3280 5456 3321 5503 L
3527 5451 3830 5520 amiserunt]

576 5545 799 5604 perdidit
838 5544 878 5590 L
1084 5542 1253 5610 exitu]
1291 5544 1478 5592 HPVL
1686 5531 1912 5608 iobinus]
1946 5531 2129 5604 Hpbv,
2172 5546 2387 5593 romnus
2433 5544 2496 5589 tv·

697 5855 707 5864 ,
755 5804 797 5865 1)
839 5806 900 5851 ab
935 5805 1122 5852 Italicis
1159 5805 1406 5852 militibus
1440 5805 1559 5852 olim
1595 5819 1708 5852 eum
1745 5803 1905 5850 Gaina
1940 5806 2123 5852 comite
2158 5804 2368 5850 Arcadio
2404 5804 2572 5850 missis
2612 5802 2950 5850 Marcellinus.

737 5903 977 5944 loannes.
3385 5905 3417 5952 6
