4882 6775
1129 418 1413 482 XXXIV
2527 414 2985 493 PROOEMIVM.

1130 643 1479 709 Gothorum
1525 642 1774 709 fortiter
1816 641 2005 708 factis
2049 641 2169 707 sub
2200 640 2599 707 Diocletiano
2646 647 2712 706 et
2741 639 3156 706 Constantino
3192 641 3543 705 afferuntur
3574 658 3630 703 c.
3673 643 3770 720 16,
3811 642 3917 703 91.
3954 642 4058 719 21,
4105 642 4245 720 110,
4297 639 4382 704 ad

1124 763 1329 846 illam,
1381 784 1571 847 quam
1603 762 1981 828 Ammianus
2022 767 2316 845 testatur,
2368 761 2777 827 victoriarum
2807 759 3220 827 Gothicarum
3262 759 3795 825 intermissionem
3826 759 4235 842 aliquatenus
4267 779 4382 825 ex-

1127 883 1432 969 plendam
1478 884 1923 951 Cassiodorius
1968 890 2080 949 aut
2123 904 2203 948 ex
2249 882 2477 948 Orosio
2524 881 2797 947 adscivit
2840 887 2953 948 aut
2994 880 3079 946 ad
3118 879 3411 946 Orosium
3455 879 3888 965 interpolavit.
3936 916 4024 927 —
4081 879 4379 946 Ceterum

1128 1024 1295 1088 quae
1340 1025 1420 1070 ex
1465 1004 1803 1069 Ammiano
1850 1011 2165 1087 quatenus
2211 1010 2505 1088 superest
2546 1002 2870 1086 exscripta
2911 1000 3087 1086 apud
3130 1000 3469 1066 Iordanem
3523 1000 3858 1084 leguntur,
3926 1000 4207 1066 omnium
4265 1021 4383 1086 op-

1126 1124 1281 1191 time
1340 1124 1684 1191 ostendunt
1739 1146 1864 1190 non
1924 1124 2129 1189 solum
2191 1130 2432 1206 quanta
2491 1122 2753 1209 levitate
2800 1121 3246 1188 Cassiodorius
3307 1140 3436 1186 rem
3497 1121 3839 1204 perfecerit
3907 1120 4105 1203 (cuius
4152 1122 4380 1207 culpae

1127 1252 1343 1311 tamen
1387 1251 1638 1330 partem
1680 1245 1748 1309 in
1794 1243 2135 1309 Iordanem
2179 1243 2527 1309 transferre
2570 1243 2850 1325 licebit),
2918 1242 3034 1308 sed
3095 1242 3289 1306 etiam
3350 1262 3541 1323 quam
3603 1241 3778 1307 mala
3821 1241 3947 1307 fide
3994 1241 4204 1308 studio
4249 1243 4383 1308 Go-

1127 1365 1377 1431 thorum
1438 1383 1695 1431 suorum
1754 1364 1994 1430 tradita
2052 1363 2460 1448 perverterit:
2527 1364 2698 1446 quod
2753 1355 2995 1446 insigni
3052 1362 3349 1447 exemplo
3408 1367 3718 1428 monstrat
3775 1362 4054 1429 narratio
4097 1362 4180 1428 de
4225 1383 4382 1429 eva-

1127 1486 1305 1553 sione
1349 1485 1694 1570 Fritigerni
1739 1504 1795 1550 c.
1847 1488 1952 1563 26,
2011 1488 2156 1550 136.

807 1604 1099 1697 ‘'fflfflgssgg}
1297 1607 1506 1671 XVII.
1587 1606 2109 1689 [CONTmVA'roR
2159 1606 2494 1687 AMMIAm]
2547 1603 2783 1687 aliquis
2826 1602 3079 1669 videtur
3121 1602 3451 1669 adhibitus
3496 1622 3639 1669 esse
3697 1604 3764 1667 in
3822 1603 3902 1668 iis
3961 1625 4126 1686 quae
4181 1606 4378 1671 inter-

1125 1727 1335 1812 posita
1377 1734 1525 1793 sunt
1565 1727 1734 1792 inter
1776 1733 2080 1810 excerpta
2122 1726 2495 1806 Ammiana,
2560 1745 2727 1808 quae
2771 1723 3000 1789 finiunt
3042 1743 3099 1789 c.
3150 1726 3254 1804 26,
3315 1725 3467 1805 138,
3533 1731 3597 1789 et
3639 1723 4005 1805 Prisciana,
4064 1745 4231 1807 quae
4276 1728 4378 1791 in-

1125 1847 1367 1932 cipiunt
1424 1867 1480 1912 c.
1532 1847 1647 1930 34',
1707 1849 1861 1912 178:
1916 1866 2300 1930 quamquam
2346 1847 2619 1929 Prosper
2661 1864 2929 1928 quoque,
2981 1844 3137 1908 item
3183 1843 3546 1909 consularia
3587 1844 3656 1908 in
3701 1843 3805 1909 his
3851 1853 4157 1930 usurpata
4203 1855 4371 1913 sunt.

1122 1966 1460 2052 Koepkius
1501 1969 1798 2052 (Anfcmye
1843 1970 1947 2030 des
1979 1968 2371 2049 Isoniythums
2402 1988 2468 2050 p.
2507 1968 2604 2047 81)
2663 1964 2968 2048 cogitavit
3010 1963 3092 2029 de
3122 1964 3413 2048 Eunapio
3458 1971 3713 2049 propter
3757 1965 4193 2048 epitomatoris
4239 1968 4377 2033 eius

1123 2087 1364 2153 Zosimi
1408 2089 1617 2154 locum
1665 2093 1725 2171 4,
1770 2090 1847 2150 34
1897 2087 1978 2153 de
2025 2086 2540 2172 expeditionibus
2583 2085 2925 2170 Fritigerni
2971 2090 3037 2151 et
3065 2084 3325 2150 Alathei
3370 2084 3808 2168 Safracisque:
3864 2085 3980 2151 sed
4026 2086 4375 2153 similitudo

1120 2229 1247 2275 non
1292 2228 1373 2274 ea
1416 2214 1516 2275 est
1558 2229 1724 2293 quae
1769 2207 2070 2274 sufficiat.

907 2331 1093 2373 ΜΨ
1294 2329 1551 2394 XVIII.
1617 2331 1906 2412 [Rvmm]
1958 2327 2392 2411 Aquileiensis
2449 2330 2525 2410 (c.
2574 2350 2636 2392 a.
2689 2329 3048 2411 345—410)
3116 2326 3579 2410 praefationem
3627 2328 3938 2394 versionis
3985 2337 4376 2396 commenta-

1118 2451 1352 2516 riorum
1399 2449 1698 2533 Origenis
1759 2450 1840 2515 de
1893 2449 2176 2534 epistula
2219 2448 2406 2513 Pauli
2451 2448 2538 2514 ad
2582 2450 2902 2514 Romanos
2945 2448 3164 2532 paullo
3210 2454 3518 2513 mutatam
3564 2455 3629 2514 et
3671 2449 3956 2515 Castalio
4000 2450 4371 2536 inscriptam

1118 2571 1457 2637 Iordanem
1514 2572 1686 2636 malo
1746 2569 1963 2655 plagio
2009 2569 2252 2635 Geticis
2312 2568 2761 2653 praeposuisse
2807 2568 3109 2653 Sybelius
3167 2568 3411 2651 primus
3468 2568 3920 2635 animadvertit
3980 2572 4062 2653 (v.
4114 2592 4181 2655 p.
4233 2576 4366 2654 53).

1117 2693 1288 2775 quod
1334 2692 1426 2757 ait
1469 2690 1845 2756 Schirrenus
1876 2712 1941 2775 p.
1979 2694 2062 2753 22
2107 2710 2232 2754 non
2278 2689 2565 2775 plagium
2612 2709 2758 2755 eum
2804 2689 3197 2755 committere
3242 2689 3550 2772 voluisse,
3604 2690 3722 2755 sed
3766 2712 3807 2754 a
3842 2691 4072 2756 Rufino
4120 2692 4373 2758 citando

1119 2818 1337 2896 utpote
1383 2811 1771 2878 orthodoxae
1817 2810 1970 2876 fidei
2016 2810 2342 2876 addictum
2388 2809 2815 2892 abstinuisse,
2888 2809 3105 2875 aliena
3159 2809 3442 2894 proferre
3502 2830 3571 2877 se
3628 2810 4057 2877 insinuavisse
4117 2813 4373 2879 insertis

1118 2932 1330 2998 verbis
1375 2954 1439 3017 p.
1479 2936 1579 3013 53,
1621 2936 1659 2995 4
1715 2934 1820 2996 ‘ut
1860 2931 2120 3014 quidam
2167 2931 2308 3013 ait’,
2364 2930 2520 2996 mihi
2563 2951 2690 2996 non
2733 2930 3058 3015 probavit:
3128 2951 3208 2995 ea
3252 2930 3420 2996 enim
3466 2931 3576 3014 qui
3620 2931 3779 3014 legit
3823 2931 4060 2997 referat
4102 2954 4370 3000 necesse

1118 3060 1219 3118 est
1260 3073 1386 3117 non
1430 3052 1516 3117 ad
1559 3051 2046 3137 praefationem,
2100 3051 2219 3118 sed
2263 3052 2350 3117 ad
2393 3051 2665 3134 figuram
2714 3051 2795 3116 de
2839 3051 3171 3135 pisciculis
3216 3071 3295 3117 ex
3328 3051 3718 3117 Graecorum
3750 3052 3999 3135 stagnis
4033 3054 4362 3120 sublectis.

900 3180 1087 3232 Prosper
1285 3172 1471 3237 XIX.
1545 3174 1924 3255 [Puospssm]
1977 3172 2364 3238 continuatio
2394 3172 3032 3257 Hieronymianorum
3076 3171 3163 3245 ad
3207 3192 3407 3236 annos
3453 3172 3835 3256 perveniens
3869 3176 4231 3258 379-455,
4285 3197 4367 3242 ex

1115 3316 1243 3377 qua
1288 3293 1734 3360 Cassiodorius
1779 3292 2143 3358 chronicum
2188 3312 2250 3356 a.
2304 3296 2426 3356 519
2490 3293 2730 3358 editum
2787 3292 3188 3378 potissimum
3249 3293 3619 3377 compilavit
3661 3313 3983 3376 quamque
4025 3295 4180 3361 item
4227 3317 4367 3361 mo-

1112 3415 1338 3480 nachis
1383 3415 1517 3479 suis
1584 3415 1753 3496 (inst.
1804 3413 1938 3479 div.
1989 3414 2112 3479 litt.
2163 3434 2220 3479 c.
2277 3417 2369 3498 17)
2445 3414 2946 3496 commendavit,
3009 3414 3095 3478 ad
3142 3413 3368 3480 Getica
3429 3413 3589 3479 duos
3650 3417 3823 3480 solos
3882 3417 4054 3481 locos
4076 3419 4146 3501 63)
4211 3438 4365 3482 con-

1110 3536 1328 3602 tribuit
1373 3557 1428 3602 c.
1483 3539 1583 3614 34,
1645 3538 1761 3598 177
1809 3534 2237 3599 narrationem
2283 3534 2366 3600 de
2410 3534 2647 3600 Litorio
2693 3554 2835 3599 cum
2879 3534 3042 3618 ipsis
3087 3534 3454 3600 consulibus
3501 3555 3581 3600 ex
3626 3536 3938 3620 Prospero
3983 3539 4358 3604 translatam

1117 3659 1202 3738 (v.
1250 3655 1384 3722 ind.
1436 3658 1712 3740 person.)
1768 3656 2166 3738 alteramque
2211 3675 2267 3720 c.
2319 3658 2425 3737 42,
2480 3657 2602 3717 223
2652 3655 2732 3719 de
2777 3676 2987 3740 papae
3033 3655 3267 3720 Leonis
3312 3655 3398 3721 ad
3441 3655 3703 3721 Attilam
3752 3657 4078 3740 legatione
4124 3679 4205 3723 ex
4251 3679 4359 3724 eo-

1107 3775 1253 3841 dem
1299 3783 1575 3842 auctam.
1671 3776 1757 3841 ad
1802 3774 2281 3841 Cassiodorium
2326 3775 2488 3840 haec
2534 3775 2739 3840 redire
2783 3775 2937 3841 inde
2982 3776 3299 3860 sequitur,
3359 3778 3527 3860 quod
3572 3777 3636 3841 in
3682 3778 3986 3843 Romanis
4030 3779 4357 3844 annalium

1103 3897 1665 3981 Prosperianorum
1709 3898 1958 3962 nullum
2004 3895 2348 3978 vestigium
2395 3897 2727 3981 reperitur.

902 4026 1079 4066 Prissctffl
1279 4019 1427 4082 XX.
1482 4019 1763 4083 Pmscvs
1831 4016 2230 4082 ‘historicus’
2289 4016 2545 4082 natione
2590 4017 2810 4081 Thrax
2856 4038 2935 4082 ex
2982 4018 3183 4082 Panio
3229 4019 3461 4104 oppido
3507 4019 3876 4104 provinciae
3922 4021 4216 4105 Europae
4264 4020 4356 4086 ci·-

1106 4145 1275 4203 tatur
1318 4159 1375 4204 c.
1428 4142 1532 4221 24,
1590 4141 1735 4202 123.
1803 4141 1905 4220 34,
1965 4140 2108 4201 178.
2176 4141 2279 4218 35,
2340 4138 2483 4200 183.
2548 4142 2653 4219 42,
2709 4140 2855 4200 222.
2920 4141 3022 4220 49,
3078 4140 3226 4202 254.
3279 4142 3433 4202 255;
3504 4147 3839 4224 praetcrea
3899 4162 3979 4206 ex
4027 4140 4355 4223 fragmen-

1101 4265 1303 4323 torum
1352 4258 1491 4324 eius
1536 4259 1694 4325 alibi
1739 4265 2131 4324 servatorum
2178 4277 2319 4322 cum
2352 4256 2756 4322 Iol-danianis
2802 4278 3117 4324 consensu
3161 4266 3401 4324 certum
3450 4267 3547 4325 est
3591 4260 3903 4344 proficisci
3947 4261 4030 4325 ab
4069 4281 4145 4326 eo
4177 4262 4352 4326 locos

1102 4401 1158 4444 c.
1212 4383 1518 4461 24,’126.
1584 4384 1687 4462 36,
1749 4382 1888 4443 184.
1954 4383 2059 4460 42,
2113 4380 2263 4442 223.
2329 4382 2431 4458 43,
2490 4381 2651 4460 225,
2726 4378 3074 4444 verisimile
3134 4400 3191 4445 c.
3244 4383 3304 4462 3,
3360 4384 3432 4443 21
3460 4385 3566 4462 ⁶²²).
3662 4381 3916 4465 scripsit
3973 4382 4029 4446 is
4094 4383 4352 4467 ἱστορίαν

1104 4496 1519 4587 Βυζαντιακὴν
1565 4500 1665 4565 καὶ
1712 4496 1785 4564 τὰ
1828 4495 1983 4564 κατὰ
2026 4495 2125 4564 τὸν
2167 4495 2448 4585 Ἀττήλαν
2494 4505 2653 4565 teste
2701 4498 2935 4584 Suida,
2989 4521 3128 4566 cum
3174 4500 3243 4565 in
3288 4501 3608 4586 excerptis
3653 4502 4196 4570 Constantinianis
4242 4511 4355 4569 aut

1271 4781 1353 4841 63)
1400 4782 1576 4830 Eri-ore
1613 4781 1968 4840 Hertzbergius
2012 4780 2284 4840 (Historien
2320 4779 2403 4827 dea
2444 4779 2664 4827 Isidorus
2700 4795 2750 4842 p.
2789 4780 2873 4840 50)
2914 4795 2976 4827 ex
3016 4781 3246 4843 Prosperi
3284 4781 3601 4829 adnotatione
3639 4782 3699 4829 ad
3735 4797 3778 4830 a.
3824 4781 3954 4830 453:
4012 4782 4203 4830 ‘Attila
4242 4819 4254 4831 .
4288 4821 4298 4831 .
4334 4822 4346 4832 .

1100 4869 1326 4915 ‘mortuo
1375 4882 1554 4928 magna
1603 4869 1820 4930 primum
1871 4869 2005 4915 inter
2054 4868 2180 4913 illios
2220 4867 2381 4927 ipsius
2417 4868 2691 4914 certamina
2726 4868 2787 4915 de
2824 4869 3098 4916 obtinendo
3133 4882 3284 4928 regno
3321 4874 3491 4916 exorta
3529 4869 3673 4914 sunt’
3722 4869 3793 4916 ait
3830 4868 4086 4916 Iordanem
4124 4869 4352 4917 hausisse

1095 4969 1139 5002 c.
1183 4954 1266 5014 50,
1304 4953 1426 5003 259.
1490 4968 1607 5002 nam
1645 4956 1903 5002 verborum
1941 4957 2085 5000 tenor
2120 4953 2307 5013 difl'crt,
2347 4967 2439 5000 nec
2478 4958 2607 5000 recte
2644 4955 2686 5000 is
2723 4956 2810 5015 qui
2847 4954 2907 5002 de
2944 4955 3169 5002 dissidiis
3208 4955 3308 5002 illis
3347 4959 3570 5002 accurate
3608 4957 3778 5015 refert,
3821 4956 4052 5015 gencrale
4089 4958 4350 5004 exordium

1094 5040 1245 5101 plane
1282 5040 1620 5087 necessarium
1653 5040 1873 5087 creditur
1907 5043 2166 5086 mutuatus
2202 5053 2312 5086 esse
2349 5040 2410 5086 ab
2448 5046 2648 5086 auctore
2683 5041 2745 5088 de
2784 5041 2995 5099 singulis
3034 5046 3246 5089 tacente.

1267 5124 1351 5188 64)
1394 5126 1709 5173 Narrationes
1758 5125 1886 5173 duae
1934 5126 2007 5173 de*
2035 5125 2382 5173 Scrithoflnnis
2421 5126 2648 5187 Procopii
2684 5128 2734 5175 5.
2776 5126 2924 5175 Goth.
2966 5127 3014 5186 2,
3063 5125 3125 5174 15
3163 5133 3216 5175 et
3250 5126 3478 5174 Iordanis
3516 5127 3564 5186 3,
3609 5125 3667 5175 21
3723 5128 3800 5173 vcl
3844 5128 4014 5188 potius
4050 5127 4346 5176 cassiodorii

1091 5216 1262 5272 aperte
1298 5213 1359 5259 ab
1394 5212 1567 5259 eodem
1604 5217 1803 5260 auctore
1838 5210 2081 5274 pendent,
2121 5217 2176 5259 et
2209 5227 2319 5261 cum
2358 5218 2632 5273 utrumque
2669 5217 2864 5260 constet
2900 5214 3152 5261 Prisciana
3189 5214 3496 5274 adhibuisse,
3537 5225 3636 5260 non
3674 5213 3994 5276 improbabile
4031 5219 4109 5262 est
4139 5229 4197 5262 ea
4221 5229 4345 5276 quo-

1090 5312 1188 5359 quc
1226 5299 1399 5346 venire
1436 5314 1463 5345 a
1498 5298 1694 5360 Prisco,
1747 5311 2048 5359 quamquam
2099 5297 2159 5345 ad
2199 5299 2411 5346 Attilam
2458 5305 2593 5346 certe
2639 5299 2759 5346 haec
2810 5314 2906 5347 non
2945 5302 3201 5360 pertinent
3238 5305 3550 5362 possuntque
3587 5302 3707 5347 item
3743 5305 3943 5361 sumpta
3978 5314 4088 5347 csse
4125 5315 4190 5348 ex
4227 5316 4346 5350 nes-

1088 5387 1169 5432 cio
1217 5399 1316 5446 quo
1364 5386 1668 5432 mirabilium
1718 5385 1953 5447 scriptore
1989 5383 2192 5431 Graeco.
2266 5385 2329 5431 de
2379 5385 2560 5432 iisdem
2610 5399 2738 5447 quae
2776 5391 2942 5434 narrat
2976 5387 3163 5434 Paulus
3201 5388 3438 5435 diaconus
3474 5387 3595 5434 hist.
3637 5387 3791 5444 Lang.
3839 5384 3882 5445 1,
3926 5386 3955 5433 5
3994 5401 4107 5433 cum
4146 5401 4243 5435 non
4281 5403 4344 5436 ex

1092 5470 1300 5518 Iordane
1337 5472 1494 5531 petita
1532 5472 1649 5528 sint,
1694 5470 1782 5519 sed
1820 5470 2133 5532 ProcopianIs
2170 5472 2376 5528 similia,
2419 5486 2479 5519 ea
2516 5472 2841 5519 statuendum
2876 5479 2957 5520 est
2992 5473 3202 5521 Paulum
3241 5475 3468 5521 hausisse
3506 5486 3570 5520 ex
3609 5472 3835 5520 Secundo
3873 5471 4170 5521 Tridentino
4214 5474 4345 5536 (vide

1089 5570 1219 5618 qnae
1269 5559 1478 5619 exposui
1533 5558 1689 5605 Neues
1727 5557 1905 5605 Archiv
1943 5557 1973 5605 5
2011 5572 2061 5618 p.
2091 5555 2156 5604 72
2183 5558 2313 5618 sq.),
2370 5557 2654 5606 Secundum
2703 5572 2767 5606 ex
2815 5559 3141 5609 CassiodoriO.
3189 5587 3260 5596 —
3309 5559 3448 5608 Rom.
3503 5557 3602 5607 333
3653 5572 3763 5606 cum
3812 5558 4058 5606 referatur
4105 5561 4168 5608 de
4215 5562 4347 5610 bcllo

1090 5643 1327 5690 Marciani
1365 5644 1606 5692 adversus
1645 5644 1881 5692 Nubades
1919 5649 1971 5691 et
2008 5643 2316 5703 Blemmyes,
2369 5657 2503 5691 mero
2537 5658 2651 5705 casu
2691 5645 2752 5692 de
2789 5645 2962 5692 eodem
3000 5651 3259 5708 praeterea
3298 5659 3430 5693 unus
3465 5647 3664 5694 Priscus
3705 5645 3784 5706 (fr.
3826 5643 3883 5693 21
3928 5659 3980 5705 p.
4015 5643 4111 5694 100
4147 5647 4344 5708 Muell.)

1091 5731 1233 5777 nobis
1270 5731 1415 5778 testis
1452 5735 1557 5792 est,
1602 5745 1769 5792 neque
1805 5731 1939 5778 enim
1977 5744 2039 5778 cx
2078 5730 2243 5777 Prisco
2277 5730 2361 5777 illa
2398 5731 2635 5780 Iordanes
2672 5732 2908 5792 adscivit,
2950 5732 3034 5780 scd
3075 5747 3138 5780 ex
3175 5733 3514 5780 consularibus
3551 5732 3672 5780 suis.
