4882 6775
1981 500 2322 557 ROMANA.
2945 504 2948 505 ⁷
3702 508 3771 568 11

523 695 654 753 tum
711 695 811 753 est
866 687 1196 772 oppidum.
1291 690 1498 772 spolia
1554 689 1821 774 insuper
1875 691 2090 775 opima
2149 691 2230 756 de
2286 711 2444 774 rege
2493 692 2749 774 Agrone
2793 692 3077 757 Feretrio
3122 693 3260 757 Iovi
3316 692 3612 758 manibus
3666 714 3782 759 rex

74 801 268 844 Florus
314 805 352 851 ¹.
388 805 423 853 ¹,
457 806 503 846 ¹2
529 791 898 874 reportavit.
935 791 959 875 ΙΙ
993 790 1249 854 Savinis
1308 791 1604 875 proditae
1661 800 1883 877 portae
1942 814 2060 877 per
2117 795 2430 876 virginem
2490 793 2874 878 Tarpeiam,
2947 816 3075 860 non
3135 795 3315 878 dolo,
3383 795 3500 861 sed
3558 798 3782 881 puella

525 893 842 978 praetium
903 893 996 958 rei
1044 913 1207 976 quae
1254 894 1565 977 gerebant
1608 896 1674 959 in
1719 896 1995 961 sinistris
2040 897 2345 980 petierat,
2415 897 2679 963 dubium
2728 899 2991 982 clypeos
3036 918 3122 961 an
3165 898 3475 962 armillas.
3568 898 3668 963 illi
3713 905 3784 964 ut

382 1022 420 1049 c·
456 1011 500 1050 ¹³
529 1002 595 1061 et
620 995 812 1062 fidem
846 998 1169 1061 solverent
1199 1004 1264 1061 et
1294 998 1771 1079 ulciscerentur,
1825 999 2072 1083 clypeis
2103 1000 2390 1065 obruere.
2473 1000 2565 1064 ita
2611 1000 2932 1066 ammissis
2976 1001 3145 1065 intra
3189 999 3444 1066 moenia
3487 1001 3779 1066 hostibus

523 1106 702 1163 atrox
748 1100 814 1164 in
858 1100 999 1184 ipso
1044 1101 1177 1164 foro
1223 1120 1463 1184 pugna,
1517 1100 1679 1165 adeo
1726 1108 1795 1165 ut
1837 1103 2146 1166 Romulus
2191 1102 2407 1166 Iovem
2456 1109 2667 1167 oraret
2711 1103 2970 1168 foedam
3016 1123 3275 1168 suorum
3320 1102 3541 1185 fugam
3588 1103 3780 1168 siste·
3820 1128 3845 1165 ε,

378 1227 417 1256 e·
453 1217 495 1257 ¹¹
526 1208 641 1267 ret.
734 1202 885 1267 hinc
937 1203 1248 1287 templum
1307 1210 1371 1267 et
1427 1204 1642 1269 Stator
1684 1205 1992 1289 Iuppiter.
2088 1205 2347 1271 tandem
2408 1205 2743 1271 funeribus
2801 1207 3205 1271 intervenere
3266 1212 3490 1291 raptae
3549 1207 3780 1271 laceris
3817 1212 3900 1271 92

522 1306 753 1371 comis:
819 1306 912 1371 sic
971 1327 1103 1389 pax
1163 1304 1335 1371 facta
1392 1327 1535 1371 cum
1581 1308 1770 1372 Tatio
1831 1307 2186 1389 foedusque
2245 1327 2642 1393 percussum.
2737 1314 3083 1392 secutaque
3140 1328 3244 1374 res
3287 1309 3524 1374 misera
3568 1309 3764 1391 dictu,

521 1414 590 1472 ut
649 1407 889 1473 relictis
949 1408 1212 1474 sedibus
1271 1410 1407 1473 suis
1452 1430 1682 1474 novam
1728 1410 1795 1475 in
1841 1412 2062 1475 urbem
2111 1412 2328 1477 hostes
2374 1412 2810 1495 demigrarent
2853 1418 2917 1477 et
2962 1432 3105 1476 cum
3151 1412 3410 1495 generis
3453 1411 3587 1476 suis
3631 1412 3774 1476 avi-

376 1525 495 1565 0-15
522 1517 623 1575 tas
680 1530 837 1596 opes
897 1532 1010 1596 pro
1072 1511 1220 1577 dote
1266 1513 1603 1578 sociarent.
1698 1514 1906 1578 auctis
1951 1515 2131 1579 brevi
2175 1514 2417 1579 viribus
2465 1515 2632 1581 hunc
2679 1536 2792 1580 rex
2838 1515 3353 1599 sapientissimus
3398 1521 3635 1579 statum
3679 1514 3773 1579 rei
3809 1520 3890 1580 93

521 1613 820 1697 publicae
877 1613 1187 1699 inposuit:
1255 1615 1554 1681 iuventus
1614 1615 1827 1679 divisa
1887 1637 2001 1701 per
2058 1617 2297 1693 tribuS‚
2364 1618 2432 1681 in
2479 1618 2703 1699 aequis
2749 1625 2814 1683 et
2858 1617 3055 1682 armis
3101 1624 3171 1683 ut
3211 1618 3297 1683 ad
3342 1618 3554 1683 subita
3598 1617 3774 1681 bella
3815 1639 3872 1680 ιο

522 1718 903 1800 excubaret,
970 1717 1307 1783 consilium
1367 1718 1459 1783 rei
1518 1718 1815 1803 publicae
1871 1738 2070 1803 penes
2131 1738 2319 1784 senes
2366 1727 2574 1801 esset,
2639 1721 2746 1804 qui
2808 1741 2888 1786 ex
2946 1720 3324 1786 auctoritate
3374 1727 3624 1805 patres,
3692 1720 3771 1785 ob

375 1834 493 1874 0-16
520 1827 798 1885 aetatem
856 1827 1116 1885 senatus
1172 1821 1539 1885 vocabatur.
1636 1822 1736 1886 his
1794 1822 1886 1887 ita
1943 1821 2251 1887 ordinatis
2309 1830 2608 1907 repente,
2676 1843 2817 1888 cum
2879 1824 3239 1889 contionem
3300 1824 3569 1889 haberet
3624 1829 3772 1887 ante
3810 1830 3890 1889 94

376 1948 416 1977 c·
450 1938 494 1978 ¹⁷
523 1925 741 1989 urbem
800 1922 977 2008 apud
1022 1924 1274 2008 Caprae
1333 1924 1640 2008 paludes,
1715 1945 1750 1990 e
1812 1932 2155 2010 conspectu
2212 1926 2469 1991 ablatus
2530 1932 2648 1991 est.
2744 1925 3134 2010 discerptum
3193 1927 3394 2007 aliqui
3448 1947 3488 1990 a
3548 1933 3775 1991 senatu

522 2033 749 2111 putant
804 2027 885 2091 ob
941 2026 1234 2110 asperius
1291 2027 1660 2109 ingenium:
1735 2027 1852 2092 sed
1912 2028 2134 2092 oborta
2190 2034 2544 2112 tempestas
2604 2029 2885 2111 solisque
2944 2028 3220 2094 defectio
3278 2027 3777 2093 consecrationis

379 2153 418 2183 c·
452 2144 498 2183 ¹¹1⁴
525 2130 804 2213 speciem
851 2130 1226 2214 praebuere.
1322 2130 1426 2195 cui
1471 2151 1616 2194 mox
1661 2130 1867 2194 Iulius
1911 2131 2217 2194 Proculus
2263 2130 2455 2195 fidem
2500 2130 2688 2213 fecit,
2740 2132 2947 2195 visum
2995 2152 3036 2195 a
3079 2150 3151 2195 se
3196 2132 3534 2196 Romulum
3580 2129 3775 2195 adfir-
3819 2153 3875 2192 ιε,

522 2251 706 2296 mans
750 2233 1119 2315 augustiore
1164 2232 1399 2314 forma,
1467 2252 1656 2315 quam
1702 2231 1963 2298 fuisset:
2032 2232 2341 2297 mandare
2388 2241 2758 2317 praeterea,
2814 2241 2882 2298 ut
2927 2253 2996 2299 se
3041 2254 3157 2318 pro
3203 2234 3461 2298 numine
3504 2254 3775 2317 accepe-

520 2341 694 2400 rent:
749 2334 1081 2412 Quirinum
1126 2335 1195 2400 in
1240 2336 1419 2401 caelo
1464 2335 1708 2399 vocari:
1766 2336 2074 2419 placitum
2121 2334 2266 2415 diis,
2320 2343 2389 2400 ut
2432 2336 2720 2418 gentium
2767 2336 2970 2399 Roma
3012 2336 3341 2419 potiretur.

334 2452 373 2499 ¹.
400 2452 441 2500 2.
473 2454 492 2493 ι
695 2438 1019 2503 Successit
1062 2439 1330 2503 Romulo
1373 2438 1589 2501 Numa
1632 2438 2020 2521 Pompilius,
2088 2458 2276 2520 quem
2324 2439 2599 2503 Curibus
2645 2438 2901 2502 Savinis
2945 2445 3245 2521 agentem
3305 2439 3469 2504 ultro
3526 2439 3776 2523 petive-
3812 2447 3894 2505 95

400 2567 438 2596 e·
468 2555 494 2597 ²
520 2547 665 2606 runt
718 2542 798 2606 ob
857 2542 1145 2606 inclitam
1190 2541 1308 2605 viri
1356 2540 1764 2623 religionem:
1834 2541 1947 2605 ille
1994 2559 2178 2605 sacra
2222 2548 2286 2606 et
2330 2542 2754 2605 caerimonias
2799 2561 3179 2623 omnemque
3224 2542 3463 2605 cultum
3509 2540 3773 2605 deorum

518 2644 949 2709 inmortalium
1011 2642 1254 2707 docuit:
1325 2643 1437 2708 ille
1494 2643 1831 2727 pontifices
1875 2662 2155 2725 augures
2207 2644 2405 2708 salios
2453 2650 2792 2727 ceteraque
2841 2642 3234 2710 sacerdotia:
3299 2663 3665 2727 annumque
3708 2644 3776 2707 in
3815 2668 3875 2708 2⁰

401 2771 440 2801 c·
470 2762 495 2802 ³
524 2764 626 2811 ΧΗ
682 2764 968 2825 menseS,
1034 2745 1233 2810 festos
1293 2745 1434 2809 dies
1478 2744 1890 2828 nefastosque
1936 2745 2278 2829 discripsit.
2373 2747 2487 2811 ille
2532 2747 2770 2810 ancilia
2813 2746 3024 2827 adque
3070 2746 3463 2831 palladium,
3531 2753 3778 2811 secreta

518 2849 794 2933 quedam
838 2849 1095 2932 imperii
1138 2849 1441 2932 pignora,
1494 2848 1850 2931 Ianumque
1896 2848 2267 2930 bifrontem,
2323 2849 2549 2914 Fidem
2593 2849 2775 2933 pacis
2819 2869 2896 2913 ac
2939 2850 3132 2929 belli,
3187 2849 3253 2913 in
3296 2849 3520 2933 primis
3565 2847 3774 2913 focum

517 2954 754 3018 Vestae
813 2952 1167 3035 virginibus
1225 2950 1562 3017 colendum
1622 2949 1834 3032 dedit,
1902 2957 1973 3016 ut
2027 2952 2115 3017 ad
2174 2951 2585 3017 simulacrum
2643 2953 3018 3017 caelestium
3066 2952 3345 3016 siderum
3391 2958 3609 3016 custus
3651 2951 3774 3015 im-

517 3055 681 3141 perii
724 3054 983 3120 flamma
1028 3055 1345 3138 vigilaret.
1442 3055 1604 3119 haec
1663 3055 1875 3119 omnia
1936 3055 2122 3138 quasi
2179 3056 2426 3120 monitu
2482 3055 2645 3121 deae
2691 3056 3031 3138 egregiae,
3097 3074 3221 3138 quo
3265 3055 3476 3136 magis
3519 3054 3778 3119 barbari

401 3185 440 3214 c·
467 3174 492 3214 ⁴
519 3158 900 3243 acciperent.
995 3178 1071 3222 eo
1114 3158 1392 3240 denique
1436 3157 1714 3222 ferocem
1762 3158 2067 3241 populum
2111 3158 2385 3240 redegit,
2438 3164 2510 3222 ut
2554 3158 2725 3240 quod
2772 3158 2836 3221 vi
2883 3165 2948 3223 et
2987 3157 3223 3221 iniuria
3268 3163 3613 3240 occuparat
3651 3157 3773 3221 im·
3814 3182 3875 3222 25

517 3260 784 3345 perium,
837 3259 1149 3343 religione
1194 3267 1387 3347 atque
1428 3260 1677 3325 iustitia
1721 3261 2129 3342 gubernaret.
3461 3330 3462 3333 Ἴ

328 3380 368 3432 ¹,
397 3380 488 3428 3.1
689 3363 962 3449 Excepit
1016 3364 1401 3448 Pompilium
1454 3364 1732 3428 Numam
1778 3364 2008 3428 Tullus
2055 3364 2400 3446 Hostilius,
2471 3363 2651 3429 cuius
2705 3348 2792 3427 in'
2831 3363 3133 3428 honorem
3193 3362 3445 3427 virtutis
3504 3381 3771 3444 regnum
3810 3371 3892 3432 96

401 3496 439 3524 c.
467 3484 493 3526 2
518 3470 684 3533 ultro
749 3469 994 3534 datum.
1088 3467 1192 3531 hic
1250 3487 1499 3531 omnem
1559 3467 1898 3532 militarem
1961 3466 2368 3550 disciplinam
2431 3474 2761 3549 artemque
2818 3464 3107 3532 bellandi
3165 3465 3460 3530 instituit.
3554 3465 3774 3547 itaque

517 3572 744 3636 mirum
790 3571 858 3636 in
903 3570 1160 3635 modum
1206 3569 1486 3635 exercita
1530 3571 1860 3635 iuventute
1904 3591 2250 3655 provocare
2296 3589 2495 3634 ausus
2527 3571 2811 3634 Albanos
2857 3589 3120 3652 gravem
3166 3574 3231 3632 et
3276 3568 3386 3633 diu
3421 3568 3772 3652 principem

401 3701 440 3731 e·
470 3691 493 3730 ³
520 3676 848 3759 populum.
929 3674 1046 3739 sed
1091 3693 1233 3739 cum
1278 3674 1419 3757 pari
1464 3674 1684 3738 robore
1730 3673 2167 3755 frequentibus
2211 3674 2473 3772 proeliis
2519 3674 2770 3755 utrique
2817 3672 3412 3752 comminuerentur,
3464 3671 3662 3735 misso
3707 3671 3774 3734 in
3814 3697 3873 3737 ιο

519 3776 939 3861 conpendium
984 3777 1156 3841 bello
1201 3776 1481 3840 Horatiis
1527 3776 1975 3858 Curiatiisque,
2036 3776 2394 3859 trigeminis
2440 3776 2589 3840 hinc
2632 3782 2824 3857 atque
2867 3774 3020 3840 inde
3066 3774 3393 3853 fratribus,
3445 3774 3773 3854 utriusque

404 3908 443 3937 c.
471 3897 494 3937 ι
522 3880 742 3964 populi
785 3879 923 3943 fata
966 3879 1282 3963 permissa
1326 3885 1492 3943 sunt.
1589 3898 1828 3962 anceps
1875 3886 1939 3944 et
1983 3880 2207 3962 pulcra
2252 3872 2573 3943 contentio
2620 3879 2923 3961 exituque
2967 3878 3110 3962 ipso
3154 3876 3492 3941 mirabilis.
3569 3876 3774 3941 tribus

519 3983 755 4067 quippe
799 3981 982 4046 illinc
1026 3981 1412 4062 vulneratiS,
1482 3981 1629 4045 hinc
1682 3980 1933 4045 duobus
1978 3981 2242 4060 occisis,
2296 3981 2405 4063 qui
2453 3988 2785 4064 supererat
2829 3981 3131 4046 Horatius
3177 3980 3397 4045 addito
3441 3978 3527 4043 ad
3574 3978 3775 4044 virtu-

520 4094 650 4152 tem
697 4086 863 4167 dolo,
918 4091 987 4150 ut
1031 4084 1421 4149 distraheret
1464 4084 1746 4164 hostem,
1800 4084 2059 4149 simulat
2101 4084 2322 4167 fugam
2369 4085 2785 4167 singulosque
2830 4091 3019 4168 prout
3062 4083 3245 4167 sequi
3289 4089 3602 4169 poterant,
3654 4081 3774 4146 ad-

688 4365 811 4412 HP
838 4364 1000 4412 VSL
1039 4363 1303 4422 Freeulfus
1339 4364 1373 4411 l.
1416 4378 1461 4411 ο.
1505 4363 1587 4422 (ad
1626 4362 1652 4408 7
1692 4364 2027 4423 percussum).
2096 4367 2142 4423 1,
2183 4366 2234 4421 3,
2278 4365 2344 4410 12
2386 4363 2434 4423 (9
2475 4363 2608 4410 hunc
2641 4389 2710 4399 —
2751 4361 2811 4410 17
2849 4362 3130 4423 potiretur).
3198 4365 3245 4420 1,
3285 4363 3337 4420 3,
3379 4362 3443 4408 13
3486 4357 3569 4419 (19
3605 4361 3668 4407 ob
3704 4384 3770 4394 -—

518 4451 581 4500 24
620 4451 891 4512 vigilaret).
958 4455 1012 4510 1,
1050 4452 1099 4509 3,
1146 4453 1208 4498 u
1252 4447 1332 4510 (27
1372 4447 1549 4495 Tullus
1585 4472 1654 4483 —-
1692 4446 1756 4495 28
1793 4448 2061 4508 bellandi).

690 4589 712 4636 1
754 4590 889 4650 opim
927 4587 963 4634 S
1170 4581 1425 4650 manibus]
1464 4586 1692 4632 manibus
1718 4586 1824 4632 suis
1852 4584 2026 4632 Hor-us
2236 4584 2266 4632 2
2304 4581 2528 4650 saninis]
2567 4583 2677 4632 libri
2887 4583 2916 4630 3
2955 4585 3153 4644 clypeos
3195 4619 3208 4631 .
3243 4619 3254 4630 .
3285 4613 3300 4631 -.
3341 4582 3369 4630 4
3411 4583 3773 4630 ulciscerentur

515 4690 610 4724 om.
653 4676 691 4724 S
900 4673 931 4720 4
968 4674 1162 4733 clypeos
1203 4672 1241 4717 V
1446 4672 1475 4718 5
1514 4672 1690 4719 sistere
1727 4671 1770 4717 L
1977 4671 2008 4718 6
2046 4667 2332 4736 funeribus]
2369 4670 2484 4717 libri
2520 4675 2567 4717 et
2607 4669 2710 4730 Fr„
2754 4670 3043 4717 furentibus
3083 4670 3256 4715 Flonu
3288 4668 3521 4730 (Bamb.),
3564 4668 3771 4715 senien-

517 4763 653 4809 tibns
692 4762 861 4809 Hom-s
891 4758 1058 4820 (Nax.)
1272 4757 1298 4803 7
1340 4754 1543 4824 misera]
1577 4756 1704 4818 libri,
1758 4759 1884 4805 mira
1924 4759 2099 4804 Florus
2309 4754 2340 4804 8
2382 4770 2509 4803 nous
2544 4759 2601 4804 in
2638 4758 2763 4804 urbe
2801 4756 2845 4803 L
3052 4757 3196 4803 hoste
3233 4754 3346 4802 libre·
3552 4754 3770 4800 demica-

515 4854 629 4896 rent
652 4848 691 4894 8
861 4847 966 4894 suis
1002 4859 1098 4892 om.
1128 4843 1171 4890 L
1379 4842 1411 4892 9
1449 4840 1587 4909 dote]
1624 4845 1685 4891 de
1714 4844 1755 4890 L
1929 4845 2099 4892 breuis
2125 4844 2169 4891 L
2386 4843 2439 4890 11
2483 4839 2643 4908 esset]
2680 4847 2852 4891 essent
2878 4842 2938 4902 L,
2980 4847 3116 4889 esset
3142 4841 3293 4900 sed(‘.’)
3326 4841 3379 4886 H
3585 4838 3647 4887 12
3685 4852 3770 4886 se-

516 4941 619 4982 tate
656 4935 694 4982 S
900 4939 1107 4979 senatus
1143 4927 1436 4995 uocabatur]
1472 4929 1653 4978 HPVS
1680 4931 1853 4977 Florus
1884 4930 2118 4990 (Bamb.)‚
2162 4934 2369 4977 senatus
2404 4930 2709 4976 uocabantur
2747 4929 2880 4978 nor.
2919 4929 3100 4990 (Naz.),
3143 4940 3291 4974 senes
3329 4927 3629 4975 uocabantur
3660 4926 3702 4973 L

516 5022 560 5067 is
587 5020 631 5067 P
840 5017 902 5065 13
939 5017 1069 5079 apud
1107 5029 1282 5077 caprae
1319 5017 1550 5077 paludem
1580 5017 1776 5074 Florus,
1816 5016 1950 5076 apud
1985 5016 2218 5077 paludem
2258 5015 2419 5077 capud
2446 5016 2581 5075 capri
2612 5014 2687 5063 Fr.
2909 5012 2970 5061 15
3008 5010 3114 5080 cui]
3150 5015 3236 5075 qui
3262 5015 3299 5061 S
3511 5010 3572 5060 16
3608 5024 3771 5073 sngu-

514 5107 666 5152 stiore
703 5103 747 5150 L
956 5103 1220 5150 mandare*
1261 5101 1306 5147 P
1532 5100 1590 5149 17
1630 5102 1883 5162 placidum
1918 5102 1962 5149 L
2186 5100 2247 5149 18
2286 5114 2490 5148 numina
2525 5100 2568 5146 L
2779 5100 3049 5162 pampilius
3086 5098 3157 5147 L‘1
3367 5099 3594 5146 curribus
3631 5095 3770 5143 HPL

517 5189 583 5238 20
620 5203 833 5248 auguros
872 5189 936 5248 H,
980 5201 1186 5246 angores
1224 5186 1350 5233 PSL
1575 5186 1633 5235 21
1678 5184 1854 5253 festos]
1892 5188 2044 5235 fastos
2084 5188 2256 5235 nonu
2483 5187 2775 5246 nefastoque
2822 5186 2862 5231 V
3084 5184 3148 5233 22
3186 5181 3479 5249 bifrontem]
3515 5184 3770 5242 geminum

517 5276 690 5322 florus
900 5271 979 5339 ac]
1016 5273 1111 5331 SL,
1154 5288 1209 5320 ae
1247 5273 1357 5332 ΗΡ,
1399 5288 1426 5321 e
1456 5274 1496 5319 V
1719 5273 1784 5322 24
1821 5271 2040 5339 flamma]
2078 5273 2159 5320 SL
2179 5274 2371 5333 Florus,
2413 5276 2660 5320 flammam
2687 5273 2801 5331 HV,
2841 5273 3038 5319 flamma
3063 5274 3115 5318 in
3145 5271 3188 5317 P
3392 5271 3586 5318 monitu
3624 5266 3771 5335 deae]

516 5362 554 5409 S
565 5361 604 5406 V
628 5361 816 5419 nonas,
858 5365 1062 5409 moantu
1098 5360 1219 5407 dese
1259 5359 1321 5417 H,
1365 5373 1442 5407 mo
1472 5361 1705 5421 (sequitur
1728 5366 1854 5421 spat.
1890 5362 1919 5407 7
1944 5361 2039 5408 litt.
2071 5361 2301 5420 vacuum)
2334 5359 2389 5417 P,
2433 5364 2659 5406 motantn
2698 5360 2818 5406 dese
2843 5358 2884 5404 L
3093 5354 3343 5422 egregiae]
3378 5356 3531 5415 HPL,
3574 5356 3770 5414 gregiae

526 5447 617 5507 VS,
662 5447 867 5507 Egeriae
909 5447 1083 5495 morus
1292 5444 1356 5493 25
1393 5459 1451 5493 eo
1488 5447 1707 5506 deniqne
1749 5447 2038 5507 (eodemque
2065 5447 2122 5506 L)
2164 5448 2372 5494 ferocem
2411 5459 2508 5494 om.
2550 5448 2605 5492 ἱπ
2639 5446 2792 5492 litura
2829 5445 2883 5490 H
3087 5443 3149 5492 27
3188 5445 3390 5504 excepit
3424 5458 3476 5504 p.
3518 5456 3570 5490 n.
3611 5442 3771 5491 tullus

515 5547 611 5582 om.
642 5536 695 5581 in
718 5535 877 5594 spatio
901 5546 1056 5581 vacuo
1081 5532 1118 5579 S
1326 5533 1520 5593 excipit
1546 5532 1724 5581 Florus
1931 5547 2118 5580 numan
2145 5533 2210 5592 Η,
2255 5545 2509 5579 nummum
2535 5531 2580 5579 L
2775 5532 2954 5579 tullius
2989 5531 3069 5578 VL
3266 5531 3410 5577 cuins
3436 5531 3489 5576 in
3514 5525 3770 5594 honorem]

517 5620 555 5668 S
581 5619 711 5667 Flor.
748 5619 984 5682 (Bamb.),
1028 5621 1174 5668 cuins
1210 5619 1443 5666 honorem
1480 5617 1686 5679 HPVL,
1727 5620 1809 5666 cni
1842 5621 1897 5665 in
1934 5619 2169 5666 honorem
2207 5619 2379 5665 Floria
2413 5618 2600 5678 (Noa),
2641 5618 2722 5664 cni
2760 5619 2820 5665 ob
2857 5617 3089 5664 honorem
3131 5618 3210 5664 st.
3423 5613 3488 5663 28
3525 5610 3769 5679 instituit]

517 5704 739 5752 condidit
758 5705 935 5751 Florus
1108 5702 1174 5752 29
1212 5704 1480 5751 exercitam
1505 5706 1829 5752 iuuentutem
1857 5704 1899 5751 L
2063 5700 2237 5770 susus]
2261 5718 2350 5751 sus
2376 5718 2399 5751 s
2427 5703 2472 5750 P
2644 5703 2709 5751 30
2747 5709 2956 5764 utraque
2979 5703 3024 5751 L
3184 5702 3652 5749 comminuenentnr
3677 5699 3776 5745 ΗΡ

518 5788 577 5846 31
622 5795 776 5856 atque
807 5803 901 5838 om.
933 5790 975 5840 L
1184 5787 1248 5841 32
1287 5792 1458 5854 inceps
1486 5789 1529 5837 P
1734 5789 1798 5840 33
1837 5795 2093 5850 superarat
2120 5789 2162 5838 L
2372 5788 2435 5839 34
2476 5791 2626 5837 simul
2654 5790 2712 5837 ad
2740 5789 2883 5836 HPV
3051 5795 3196 5850 prout
3220 5790 3366 5849 sequi
3391 5792 3448 5834 nt
3471 5788 3703 5849 prosequi
3729 5786 3771 5832 L

3283 5892 3356 5941 2·
