4882 6775
1127 464 1244 529 LII
2514 462 2974 520 Pnoonmvm.

1297 688 1717 754 Oxomsnsls
1776 689 2031 774 collegii
2076 689 2490 773 Magdalenei
2534 692 2677 757 Lat.
2736 693 2810 753 14
2878 691 3087 771 (antea
3144 710 3209 753 n.
3267 690 3455 771 2155)
3521 687 3787 752 membr.
3855 706 4025 752 saec.
4091 685 4241 749 XIV
4261 686 4362 765 ⁹²⁵),

1126 811 1489 895 descriptus
1547 810 1892 895 diligenter
1948 831 1987 875 a
2038 811 2114 875 R.
2166 811 2352 876 Pauli
2407 813 2622 893 (Neues
2683 811 2910 874 Archiv
2975 814 3029 891 1,
3090 811 3201 872 161
3256 813 3410 900 sq.),
3475 807 3922 892 praecedentis
3978 804 4364 883 simillimae,

1128 930 1246 998 sed
1290 951 1695 1015 nequaquam
1741 950 1823 996 ex
1868 951 1945 997 eo
1991 929 2389 1015 descrithS,
2456 932 2736 998 continet
2778 931 3108 997 Aurelium
3154 929 3497 1009 Victorem,
3564 928 3827 994 nomina
3869 925 4363 1011 provinciarum,

1126 1058 1462 1118 tractatum
1507 1051 1588 1116 de
1632 1051 1951 1135 Assyriis,
2015 1052 2201 1117 Pauli
2245 1051 2576 1118 historiam
2621 1054 3009 1134 Romanam,
3074 1056 3261 1134 gesta
3315 1069 3538 1133 regum
3581 1049 3971 1114 Francorum
3993 1100 4007 1129 ,
4080 1045 4372 1111 Iordanis

1126 1174 1414 1238 Romana
1456 1178 1521 1237 et
1565 1170 1810 1253 Getica,
1864 1170 2050 1237 Pauli
2096 1171 2429 1238 historiam
2460 1171 3045 1257 Langobardorum,
3098 1170 3412 1236 Einhardi
3456 1170 3653 1235 vitam
3691 1169 3933 1249 Karoli,
3987 1167 4368 1233 Monachum

1126 1294 1637 1379 Sangallensem.
1731 1294 2155 1358 Romanorum
2201 1299 2267 1358 et
2308 1293 2688 1378 principium
2734 1292 2946 1358 deficit
2998 1291 3329 1376 (incipiunt
3386 1291 3555 1356 enim
3601 1310 3730 1355 non
3782 1288 4007 1355 eodem
4068 1289 4211 1353 loco
4268 1294 4373 1352 at-

1124 1434 1250 1498 que
1295 1414 1361 1479 in
1405 1413 1900 1497 Bambergensi‚
1954 1413 2071 1479 sed
2114 1413 2402 1497 proximo
2447 1436 2513 1498 p.
2568 1417 2667 1491 16,
2725 1418 2803 1477 10
2851 1418 2972 1476 iam
3016 1414 3286 1476 menibus
3331 1413 3524 1495 urbis)
3579 1418 3645 1476 et
3701 1409 4108 1495 transpositio
4164 1409 4230 1473 in
4287 1408 4371 1473 iis

1126 1533 1390 1601 accidit:
1440 1554 1589 1599 nam
1632 1539 1780 1619 post
1818 1535 2107 1617 patebant
2149 1556 2212 1619 p.
2251 1539 2354 1615 26,
2393 1537 2474 1597 30
2520 1534 2805 1618 sequitur
2832 1534 3010 1599 locus
3040 1554 3082 1598 a
3110 1555 3172 1619 p.
3212 1535 3313 1612 29,
3356 1535 3429 1595 21
3476 1534 4011 1615 transyrediamur
4040 1529 4128 1595 ad
4155 1551 4220 1615 p.
4258 1534 4363 1612 30,

1134 1660 1201 1718 11
1248 1658 1507 1738 proelio,
1583 1654 1817 1720 deinde
1874 1660 2195 1738 ponuntur
2254 1662 2444 1720 antea
2501 1656 2736 1721 omissa
2791 1675 2833 1719 a
2887 1676 2950 1740 p.
3015 1657 3119 1736 26,
3174 1658 3254 1719 30
3325 1657 3631 1716 enimuero
3697 1651 3783 1717 ad
3842 1656 4083 1737 tiqrane
4139 1654 4369 1715 deuicto

1125 1797 1189 1861 p.
1244 1780 1346 1857 30,
1391 1780 1490 1840 11.
1571 1795 1715 1841 cum
1762 1775 2132 1841 contulisset
2173 1776 2358 1842 nobis
2403 1776 2755 1842 Reinoldus
2799 1774 2985 1841 Pauli
3033 1775 3246 1859 capita
3283 1775 3710 1840 Romanorum
3754 1780 4039 1839 extrema
4083 1779 4150 1838 et
4190 1772 4370 1838 Geti-

1127 1916 1339 1962 corum
1390 1901 1449 1960 1.
1500 1899 1562 1961 2.
1615 1900 1716 1976 60,
1770 1896 2164 1963 intellectum
2210 1903 2310 1962 est
2352 1896 2582 1962 librum
2627 1916 2771 1963 esse
2814 1896 2999 1982 primi
3045 1895 3285 1961 ordinis
3330 1896 3498 1961 male
3541 1894 4009 1979 interpolatum.
4090 1892 4370 1977 exempli

1126 2035 1324 2083 causa
1365 2017 1544 2082 locus
1590 2015 1736 2082 Get.
1793 2021 1848 2097 1,
1904 2020 1942 2081 6
1989 2017 2082 2082 sic
2125 2017 2360 2100 legitur
2403 2017 2527 2081 ibi:
2594 2027 2661 2081 ut
2705 2021 2770 2080 in
2830 2019 3116 2080 orientali
3149 2019 3340 2101 playa
3385 2025 3441 2079 et
3484 2018 3680 2079 indico
3725 2036 3977 2078 occeano
4020 2015 4268 2097 ypodcm
4314 2023 4369 2077 et

1128 2141 1425 2202 ianmesia
1468 2158 1582 2221 que
1626 2140 1909 2221 quamuis
1948 2147 2196 2220 peruste
2240 2141 2363 2202 sole
2406 2138 2825 2201 inhabitabiles
2869 2148 2996 2201 ιιιηι
3040 2140 3277 2201 omnino
3323 2140 3428 2203 sui
3466 2140 3675 2219 spacio
3718 2139 3782 2198 in
3842 2138 4083 2218 lonyum
4142 2138 4369 2198 latum-

1127 2281 1239 2344 que
1285 2269 1430 2322 sunt
1470 2269 1738 2322 eoetense.
1832 2257 2152 2341 quaedam
2207 2258 2732 2343 interpolationes
2792 2278 3158 2324 communes
3217 2257 3277 2323 ei
3337 2262 3486 2323 sunt
3540 2277 3683 2323 cum
3738 2256 4232 2339 Bambergensi,
4298 2264 4369 2322 ut

1127 2379 1273 2445 Get.
1333 2383 1386 2460 1,
1443 2383 1480 2441 5
1526 2388 1581 2442 et
1623 2380 1782 2442 nulli
1823 2401 1896 2443 ea
1932 2401 2091 2462 pars
2150 2383 2386 2465 coynita
2430 2384 2498 2443 m‘
2540 2383 2635 2444 illi
2676 2384 2781 2464 qui
2823 2400 2954 2442 eam
3001 2382 3306 2444 constituit
3348 2378 3581 2461 Oxon.,
3635 2388 3689 2442 ct
3731 2380 3892 2441 nulli
3932 2399 4006 2440 ea
4044 2398 4201 2459 pars
4245 2383 4370 2441 nisi

1127 2502 1185 2562 ei
1226 2504 1333 2583 qui
1374 2520 1507 2562 eam
1550 2503 1854 2567 constituit
1898 2500 2151 2583 Bamb.,
2203 2500 2354 2566 item
2403 2500 2547 2566 Get.
2604 2505 2662 2585 1,
2716 2505 2751 2564 7
2813 2501 2961 2563 haut
3014 2500 3250 2583 procul]
3315 2509 3383 2562 ut
3438 2503 3525 2562 ait
3580 2501 3908 2581 proconsul
3964 2497 4197 2575 Oxou„
4263 2500 4366 2562 hec

1126 2630 1191 2683 ut
1230 2623 1562 2702 proconsul
1604 2619 1830 2684 Bamb.
1882 2619 2001 2686 sed
2044 2619 2304 2686 licentia
2360 2622 2429 2687 in
2473 2621 2824 2688 Oxoniensi
2879 2620 3090 2686 minus
3148 2621 3278 2686 late
3336 2627 3577 2703 vagata
3634 2626 3732 2685 est
3787 2639 3980 2702 quam
4038 2619 4104 2684 in
4164 2620 4364 2685 altero

1124 2739 1307 2806 libro.

1297 2879 1826 2945 SAmsBVRENffls
1871 2879 2185 2946 ecclesiae
2232 2879 2621 2946 cathedralis
2665 2902 2728 2945 n.
2772 2882 2959 2944 1027.
3000 2884 3114 2943 101
3167 2879 3431 2946 membr.
3485 2897 3654 2943 saec.
3707 2877 3867 2942 XIII
3910 2884 4074 2943 teste
4117 2878 4366 2943 Pertzio

1131 3000 1377 3082 (Archiv
1423 3003 1484 3081 7,
1542 3003 1684 3064 103.
1722 3004 1866 3085 244)
1920 3008 2051 3067 tam
2095 3000 2161 3065 in
2206 3001 2386 3067 libris
2430 3020 2589 3084 quos
2635 3001 2917 3067 continet
2961 3021 3152 3083 quam
3195 3000 3263 3065 in
3307 2999 3583 3066 lectione
3636 2998 3950 3065 consentit
4004 3019 4149 3064 cum
4193 2998 4366 3065 Oxo-

1118 3119 1324 3186 niensi
1371 3120 1589 3203 Magd.
1648 3125 1746 3186 14.
1842 3121 2168 3206 specimen
2204 3134 2337 3187 ‘non
2381 3120 2600 3205 habui,
2651 3142 2771 3188 nec
2815 3120 3203 3187 desideravi.

714 3269 1121 3312 &ichen-viene-
1292 3260 1915 3326 Rmcnamvnmffls
1970 3258 2355 3345 (Augiensis)
2408 3260 2604 3344 liber,
2670 3281 2858 3343 quem
2904 3267 3051 3326 ante
3096 3281 3157 3325 a.
3211 3260 3334 3324 820
3389 3259 3645 3344 scripsit
3688 3258 3961 3325 scribive
4008 3258 4196 3324 iussit
4237 3259 4366 3324 Re-

1119 3378 1452 3464 ginbertus
1497 3380 1847 3447 monachus
1901 3382 1960 3465 (†
2003 3403 2064 3447 a.
2104 3384 2261 3463 8463
2315 3381 2396 3448 cf.
2449 3382 2741 3468 Neugart
2783 3381 3062 3468 episcop.
3114 3381 3444 3448 Constant.
3483 3402 3546 3466 p.
3586 3383 3761 3464 548),
3811 3379 3976 3446 inter
4020 3380 4151 3445 alia
4193 3400 4366 3445 com-

1121 3501 1308 3586 plura
1351 3500 1687 3585 historica,
1742 3502 1825 3569 de
1871 3503 2100 3587 quibus
2147 3502 2284 3568 dixi
2327 3503 2415 3569 ad
2460 3503 2845 3571 Cassiodorii
2889 3503 3228 3582 chronicon
3270 3523 3337 3586 p.
3390 3505 3534 3584 573,
3590 3502 3801 3587 posuit
3851 3501 4183 3568 ‘chronica
4228 3502 4364 3565 Ior-

1127 3621 1351 3688 ‘danis
1394 3622 1729 3709 episcopi'.
1825 3624 1945 3690 hoc
1988 3623 2197 3709 ipsum
2241 3625 2542 3691 volumen
2587 3624 2884 3691 adhibuit
2911 3625 3314 3690 Hermannus
3345 3622 3689 3708 Augiensis
3742 3625 3800 3707 (ἦ-
3839 3624 4018 3706 1054)
4073 3622 4140 3687 in
4185 3622 4368 3687 chro-

1119 3742 1281 3808 nicis
1325 3743 1747 3828 compilandis
1763 3745 1865 3830 ⁹⁴),
1916 3744 2231 3812 adnotans
2276 3745 2363 3812 ad
2405 3767 2467 3811 a.
2521 3750 2675 3809 551;
2755 3747 3111 3827 ‘hucusque
3155 3745 3446 3810 Iordanis
3491 3746 3833 3830 episcopus
3893 3743 4192 3809 chronica
4249 3762 4368 3808 sua

1129 3863 1246 3928 ‘de
1291 3864 1494 3947 gestis
1539 3864 1963 3954 Romanorum
2009 3866 2390 3933 adbreviata
2431 3867 2781 3952 perduxit'.
2877 3867 3111 3933 deinde
3158 3866 3389 3932 librum
3435 3866 3637 3933 fuisse
3683 3865 3856 3950 apud
3904 3864 4360 3949 Cuspinianum

1119 3982 1359 4050 ibidem
1403 3985 1487 4069 (p.
1528 3986 1670 4071 587)
1714 3985 2165 4070 demonstravi,
2219 3987 2327 4069 qui
2373 4008 2450 4054 eo
2496 4007 2649 4053 usus
2695 3995 2794 4054 est
2837 3987 2902 4052 in
2949 4008 3142 4072 opere
3187 3987 3268 4054 de
3315 3988 3683 4054 consulibus
3716 3987 4144 4051 Romanorum
4190 3983 4362 4050 edito

1120 4125 1181 4168 a.
1243 4108 1425 4187 1553,
1480 4105 1596 4172 sed
1642 4106 1875 4192 scripto
1932 4108 2303 4192 (secundum
2348 4108 2828 4194 praefationem)
2884 4130 2947 4174 a.
3006 4112 3205 4190 1515,
3264 4109 3333 4175 id
3378 4117 3477 4175 est
3532 4109 3928 4192 aliquantum
3975 4112 4123 4172 ante
4169 4125 4370 4188 quam,

1121 4226 1408 4290 Romana
1451 4226 1743 4292 Iordanis
1788 4228 1961 4312 typis
2013 4229 2450 4312 vulgarentur.
2545 4250 2692 4294 nam
2749 4237 3002 4314 praeter
3058 4229 3318 4311 Getica,
3386 4251 3651 4312 quorum
3696 4229 3989 4295 adhibuit
4034 4226 4364 4311 exemplar

1120 4346 1423 4412 Romanis
1479 4367 1742 4431 esrem,
1807 4355 1871 4414 et
1928 4369 2116 4432 quem
2181 4350 2423 4434 passim
2486 4351 2603 4415 sub
2647 4350 2981 4415 Iomandis
3041 4351 3296 4416 nomine
3351 4351 3506 4416 citat
3562 4351 3997 4416 Hermannum
4057 4349 4363 4414 Contrac-

1118 4471 1290 4549 tum,
1354 4467 1559 4552 ipsius
1618 4489 1867 4553 quoque
1911 4471 2179 4536 Romani
2239 4470 2446 4536 libelli
2493 4470 2883 4555 Cuspiniano
2929 4472 3175 4556 copiam
3222 4471 3422 4537 fuisse
3481 4471 3878 4555 intellegitur
3922 4491 4002 4536 ex
4047 4469 4141 4534 eis
4198 4485 4363 4549 quae

1117 4588 1383 4655 adnotat
1424 4610 1491 4675 p.
1543 4594 1668 4655 576
1714 4590 1800 4656 ad
1842 4611 1904 4657 a.
1957 4596 2118 4656 551:
2193 4591 2324 4657 ‘sic
2380 4590 2601 4658 scribit
2643 4592 2997 4659 Iornandes
3051 4593 3120 4657 in
3166 4592 3464 4658 chronica
3508 4593 3591 4658 ad
3638 4591 3948 4675 Vigilium
3992 4589 4060 4654 in
4103 4588 4360 4674 praefa-

1256 4940 1341 5002 93)
1382 4941 1567 5002 Codex,
1607 4956 1755 5004 quem
1791 4942 2022 4990 Pertzins
2067 4941 2218 5001 (Mon.
2260 4940 2426 4990 Germ.
2471 4940 2555 4991 SS.
2600 4940 2650 5003 2,
2694 4940 2808 4992 440.
2851 4940 2950 4991 728
2987 4946 3040 4990 et
3075 4941 3252 4989 Archiv
3292 4942 3340 5002 7,
3381 4941 3496 5003 243)
3543 4943 3615 4990 ait
3650 4941 3980 4990 bibliothecae
4014 4938 4361 4986 universitatis

1118 5028 1418 5075 oxoniensis
1466 5042 1519 5075 n.
1561 5026 1678 5091 837,
1720 5030 2058 5078 continentem
2095 5029 2321 5076 Iordanis
2358 5029 2585 5076 libellum
2622 5034 2905 5091 utrumque,
2947 5029 3203 5077 historiam
3241 5030 3539 5090 miscellam,
3592 5029 3733 5076 Pauli
3781 5027 4035 5075 historiam
4076 5025 4357 5083 Langobar-

1118 5113 1307 5175 dorum,
1350 5113 1595 5161 Einhardi
1630 5115 1783 5162 vitam
1822 5116 2016 5177 Karoli,
2060 5115 2355 5163 monachum
2394 5115 2794 5178 sangallensem,
2836 5115 2921 5163 hic
2956 5117 3067 5178 ipse
3102 5117 3169 5164 sit
3204 5130 3406 5164 necesse
3443 5121 3537 5163 cst.
3613 5129 3726 5162 nam
3765 5116 3889 5163 liber
3927 5113 4206 5161 Laudensis
4241 5112 4358 5157 olim

1120 5214 1168 5249 n.
1202 5198 1319 5261 837,
1361 5200 1508 5248 hodie
1546 5200 1700 5250 Laud.
1743 5202 1882 5249 misc.
1926 5214 1978 5250 n.
2020 5200 2119 5251 569
2163 5202 2339 5264 (Neues
2377 5202 2554 5250 Archiv
2592 5202 2642 5262 2,
2684 5201 2801 5264 381)
2847 5203 3077 5252 diversus
3114 5209 3192 5251 est
3227 5209 3278 5251 et
3311 5203 3550 5251 indicatio
3587 5205 3781 5250 numeri
3818 5202 3927 5248 sinc
3976 5199 4127 5247 dubio
4162 5204 4360 5259 pertur-

1118 5287 1263 5347 bata3
1302 5298 1362 5333 ea
1395 5298 1510 5332 vero
1546 5300 1673 5346 quae
1708 5287 2059 5348 comprehendi
2097 5289 2336 5337 dicuntur
2371 5288 2458 5335 illo
2493 5289 2760 5350 volumine,
2803 5290 2966 5338 omnia
3003 5290 3215 5337 redeunt
3249 5290 3302 5336 in
3327 5289 3647 5349 Magdalcneo
3685 5302 3734 5336 n.
3781 5286 3842 5335 14
3880 5287 4100 5347 adeoque
4137 5298 4265 5346 quae
4298 5284 4359 5330 dc

1120 5371 1371 5421 Einhardo
1408 5376 1460 5419 et
1497 5370 1810 5433 Sangallensi
1837 5373 2063 5422 Pertzius
2098 5375 2368 5436 peculiaria
2404 5380 2457 5423 et
2491 5375 2767 5424 oxoniensi
2803 5375 2929 5424 libro
2963 5379 3158 5438 propria
3192 5377 3349 5424 refert
3384 5381 3612 5424 accurate
3647 5374 3952 5422 conveniunt
3988 5386 4100 5419 cum
4139 5371 4360 5432 descrip-

1119 5458 1254 5504 tione
1293 5457 1530 5506 Pauliana
1569 5458 1636 5520 (p.
1686 5456 1796 5518 167)
1840 5458 2167 5519 Magdalenei.

1289 5541 1373 5604 94)
1413 5544 1548 5593 Mon.
1590 5543 1756 5592 Germ.
1801 5543 1890 5594 SS.
1931 5545 2028 5594 vol.
2069 5545 2115 5593 V
2150 5560 2202 5608 p.
2245 5544 2308 5593 67
2346 5560 2421 5608 sq.
2462 5552 2521 5596 ut
2568 5553 2805 5610 excerpta
2851 5562 2915 5596 ex
2965 5549 3261 5598 cassiodorii
3306 5549 3552 5597 chronicis
3600 5548 3943 5595 Hermannum
3992 5561 4055 5594 ex
4103 5546 4196 5593 hoc
4237 5546 4361 5593 libro

1118 5629 1328 5676 traxisse
1366 5630 1486 5677 alibi
1533 5630 1676 5679 docui
1719 5631 1953 5692 (Chronik
2001 5631 2084 5680 des
2130 5631 2469 5682 Cassiodorius
2511 5650 2559 5697 p.
2604 5634 2721 5683 574.
2765 5634 2906 5696 579),
2959 5636 3030 5683 ita
3078 5636 3298 5683 indidem
3347 5637 3499 5683 etiam
3549 5635 3770 5683 Iordanis
3807 5635 4026 5682 Romana
4072 5634 4227 5681 novit.
4302 5633 4361 5678 ab

1118 5714 1291 5762 eodem
1329 5715 1584 5763 volumine
1619 5712 1812 5780 pendet
1846 5718 2125 5766 Bernoldus
2161 5718 2559 5770 Constantiensis
2598 5737 2638 5770 c.
2682 5737 2726 5771 a.
2763 5721 2892 5771 1100
2937 5723 3086 5786 (Mon.
3129 5722 3299 5771 Germ.
3341 5722 3429 5773 SS.
3460 5723 3504 5769 V
3541 5736 3595 5783 p.
3624 5720 3721 5769 385
3749 5721 3867 5784 sq.),
3910 5725 4081 5767 utrum
4119 5732 4207 5780 per
4233 5717 4361 5764 Her-

1119 5813 1361 5851 mannum
1396 5815 1458 5849 an
1495 5815 1609 5850 cum
1639 5802 1946 5864 Hermanno,
1985 5818 2084 5853 non
2121 5806 2367 5867 quaesivi.
