4882 6775
1114 478 1234 539 120
2566 471 2921 527 munzuns

719 669 897 734 XLV
942 670 1059 733 241
1114 665 1349 730 tutiora
1407 682 1478 728 se
1525 663 1670 727 loca
1730 662 2016 745 collegit.
2110 660 2281 745 quod
2336 661 2611 727 audiens
2669 662 2891 745 Nepus
2949 662 3293 746 imperator
3353 661 3679 744 praecepit
3734 659 4066 725 Ecdicium
4127 660 4364 724 relictis

1113 768 1346 833 Galliis
1392 767 1477 831 ad
1539 786 1609 832 se
1669 766 1888 831 venire
1947 766 2086 830 loco
2134 765 2275 830 eins
2322 764 2615 832 Orestem
2674 785 2847 847 mag.
2919 764 3052 829 mil.
3112 764 3495 829 ordinatum.
3599 764 3709 845 qui
3754 764 4015 828 Orestes
4071 770 4366 846 suscepto

1112 870 1395 937 exercitu
1443 877 1507 936 et
1552 876 1768 934 contra
1812 868 2031 933 hostes
2077 868 2418 952 egrediens
2465 889 2505 933 a
2549 869 2750 932 Roma
2795 868 3105 932 Ravenna
3149 866 3440 951 pervenit
3481 866 3697 948 ibique
3743 873 4096 932 remoratus
4140 868 4364 948 Augu-

1114 974 1350 1039 stulum
1396 972 1599 1038 filium
1647 991 1829 1036 suum
1874 972 2323 1055 imperatorem
2371 971 2587 1037 effecit
2611 973 2681 1053 ¹).
2774 990 2900 1053 quo
2947 976 3246 1054 conperto
3278 970 3500 1054 Nepus
3547 968 3712 1052 fugit
3742 969 4102 1034 Dalmatias
4145 969 4363 1050 ibique

1114 1076 1353 1141 defecit
1397 1076 1684 1160 privatus
1730 1095 1770 1139 a
1815 1094 2040 1158 regno,
2096 1074 2207 1139 ubi
2253 1074 2381 1138 iam
2429 1074 2770 1158 Glycerius
2802 1074 3044 1139 dudum
3073 1074 3420 1158 imperator
3449 1073 3887 1158 episcopatum
3923 1072 4363 1137 Salonitannm
4406 1092 4430 1130 s

1111 1180 1415 1244 habebat.

699 1286 910 1352 XLVI
947 1287 1071 1348 242
1291 1282 1653 1365 Augustulo
1700 1300 1849 1345 vero
1895 1301 1935 1345 a
1979 1287 2162 1364 patre
2211 1280 2437 1345 Oreste
2497 1280 2565 1344 in
2611 1282 2919 1345 Ravenna
2964 1280 3347 1363 imperatore
3393 1278 3683 1344 ordinato
3727 1300 3850 1345 non
3898 1280 4166 1344 multum
4226 1285 4370 1362 post

1113 1384 1404 1450 Odoacer
1462 1384 1974 1478 Torcilingorgm
2048 1404 2191 1477 ‘rex‘
2224 1383 2469 1448 habens
2531 1402 2746 1447 secum
2808 1383 3053 1463 Sonos,
3135 1383 3410 1447 Herulos
3483 1383 4009 1465 diversarumque
4080 1382 4365 1465 gentium

1113 1487 1489 1553 auxiliarios
1534 1476 1790 1551 Italiam
1837 1487 2171 1571 occupavit
2215 1493 2280 1552 et
2324 1487 2617 1552 Orestem
2677 1487 3081 1552 interfectum
3126 1486 3557 1569 Augustulum
3603 1485 3804 1550 filium
3857 1486 3997 1549 eius
4044 1485 4124 1549 de
4170 1504 4367 1567 regno

945 1596 1070 1658 243
1116 1591 1372 1675 pulsum
1404 1589 1470 1654 in
1500 1590 1855 1655 Lucullano
1886 1590 2279 1675 Campaniae
2312 1590 2578 1655 castello
2609 1590 2788 1654 exilii
2835 1609 3041 1672 poena
3072 1589 3401 1654 damnavit
3418 1592 3493 1667 ²).
3574 1589 3667 1653 sic
3704 1609 3955 1672 qnoque
3988 1588 4367 1673 Hesperium
4410 1606 4463 1646 ιο

1111 1696 1438 1760 Romanae
1484 1692 1695 1776 gentis
1740 1693 2099 1777 imperium,
2153 1693 2321 1775 quod
2369 1692 2939 1777 septingentesimo
2984 1712 3150 1757 nono
3195 1692 3372 1757 urbis
3415 1691 3710 1757 conditae
3756 1712 3924 1757 anno
3960 1692 4204 1776 primus
4234 1694 4370 1756 Au-

1113 1804 1448 1882 gustorum
1494 1796 1886 1861 Octavianus
1931 1798 2261 1879 Augustus
2306 1803 2526 1861 tenere
2574 1796 2804 1880 coepit,
2859 1816 3001 1860 cum
3047 1795 3167 1860 hoc
3211 1796 3574 1878 Augustulo
3622 1795 3812 1878 periit
3854 1815 4021 1859 anno
4067 1795 4370 1860 decesso-

1111 1921 1252 1966 rum
1297 1900 1905 1983 prodecessorumue
1952 1900 2135 1982 regni
2180 1899 2695 1982 quingentesimo
2742 1899 3046 1963 vicesimo
3078 1898 3378 1979 secundo,
3434 1898 3787 1963 Gothorum
3833 1897 4067 1963 dehinc
4111 1898 4370 1981 regibus

1113 2004 1379 2068 Romam
1423 2003 1806 2083 Italiamque
1860 2002 2222 2068 tenentibus
2242 2006 2313 2084 ³).
2410 2002 2657 2066 interea
2701 2000 2992 2067 Odoaeer
3047 2022 3161 2066 rex
3220 2002 3505 2084 gentium
3552 2021 3800 2066 omnem
3846 2001 4100 2067 Italiam
4149 2002 4372 2067 subiu-

1115 2113 1355 2190 gatam,
1409 2112 1479 2171 ut
1523 2113 1827 2170 terrorem
1874 2124 2059 2169 suum
2092 2104 2396 2169 Romanis
2441 2104 2731 2183 iniceret,
2783 2124 2931 2168 mox
2959 2104 3144 2168 initio
3176 2105 3358 2187 regni
3392 2104 3492 2169 sui
3522 2104 3841 2169 Bracilam
3874 2106 4165 2170 comitem
4198 2104 4372 2189 apud
4413 2124 4467 2163 ιε»

1116 2211 1490 2273 Ravennam
1539 2207 1773 2273 occidit
1788 2209 1830 2289 ⁴)
1886 2228 2211 2292 regnoque
2259 2228 2374 2272 suo
2423 2207 2773 2273 confortato
2819 2228 2984 2291 pene
3030 2228 3146 2292 per
3188 2208 3507 2273 tredece‘m
3554 2228 3756 2272 annos
3782 2227 4003 2291 usque
4034 2208 4119 2274 ad
4157 2208 4374 2274 Theo-

1119 2311 1320 2377 dorici
1365 2311 1821 2396 praesentiam,
1875 2311 1955 2375 de
2003 2330 2127 2394 quo
2172 2311 2238 2376 in
2286 2311 2825 2394 subsequentibus
2872 2310 3101 2375 dicturi
3147 2331 3385 2391 sumus,
3440 2311 3749 2377 obtenuit.

701 2418 946 2484 XLVII
970 2421 1095 2482 244
1291 2414 1553 2480 Interim
1612 2420 1829 2478 tamen
1883 2412 1968 2478 ad
2025 2434 2170 2478 eum
2217 2414 2537 2493 ordinem,
2607 2414 2779 2478 unde
2840 2414 3116 2496 digressi
3172 2434 3424 2494 sumus,
3491 2413 3864 2496 redeamus,
3930 2422 3993 2479 et
4058 2414 4374 2496 quomodo

1100 2517 1385 2605 ,Euricus
1431 2537 1544 2584 rex
1589 2517 2104 2599 vesegotharum
2147 2517 2421 2581 Romani
2468 2517 2650 2599 regni
2695 2517 3166 2582 vacillationem
3220 2537 3489 2581 cernens
3533 2518 3864 2581 Arelatum
3911 2524 3974 2582 et
4019 2517 4375 2581 Massiliam

1119 2620 1413 2705 propriae
1476 2619 1766 2685 subdidit
1825 2619 2082 2684 dicioni.
2178 2619 2530 2704 Gyzericus
2578 2620 2812 2685 etenim
2861 2620 3297 2685 Vandalorum
3344 2641 3453 2685 rex
3503 2620 3638 2685 suis
3684 2642 3830 2685 eum
3874 2621 4246 2686 muneribus
4289 2622 4376 2686 ad
4415 2639 4469 2680 20

1291 2933 1344 2979 H
1368 2931 1411 2978 Ρ
1439 2930 1544 2979 VL
1572 2933 1617 2978 A
1649 2930 1691 2978 O
1716 2932 1761 2979 Β
1786 2932 1835 2978 Χ
1862 2931 2035 2992 (ΥΖ).
2111 2931 2301 2980 Paulus
2338 2931 2384 2978 h.
2430 2930 2492 2978 R.
2540 2934 2631 2989 15,
2673 2935 2704 2980 8
2768 2931 2811 2991 ζ8
2849 2933 3066 2981 Odoacer
3099 2957 3170 2968 —-·
3205 2931 3236 2981 9
3272 2935 3558 2995 occupavit3
3622 2933 3684 2981 10
3722 2935 3794 2980 sic
3827 2960 3896 2967 —
3939 2932 3996 2981 14
4036 2936 4368 2994 tenentibus).

1119 3016 1380 3075 Flu-sculfus
1416 3018 1451 3065 l.
1494 3032 1537 3065 c.
1584 3016 1667 3079 (ad
1708 3016 1768 3065 13
1808 3018 2070 3077 secundo).

1296 3171 1317 3219 1
1360 3186 1413 3220 se
1451 3167 1578 3237 loca]
1616 3185 1670 3219 se
1705 3172 1809 3220 loco
1849 3170 1937 3233 0⁶,
1978 3172 2082 3219 loca
2120 3187 2173 3220 se
2209 3173 2317 3232 ΧΥ,
2363 3186 2416 3219 se
2455 3173 2500 3219 A
2755 3173 2943 3233 colligit
2980 3174 3029 3220 Χ
3040 3173 3117 3220 ΥΖ
3370 3187 3524 3235 nepos
3563 3174 3656 3221 AB
3898 3177 4139 3237 praecipit
4176 3178 4224 3223 Χ
4235 3177 4312 3224 ΥΖ

1119 3254 1388 3323 ecdicium]
1423 3258 1696 3306 aecdicium
1736 3258 1798 3316 A,
1841 3258 2074 3305 iodicium
2116 3257 2210 3319 P‘,
2254 3264 2307 3306 et
2342 3258 2529 3306 dicium
2568 3259 2617 3305 Χ
2628 3258 2725 3319 ΥΖ,
2767 3259 2902 3306 decio
2940 3259 3001 3317 Β,
3043 3260 3173 3307 detio
3217 3259 3259 3307 O
3471 3260 3499 3308 2
3538 3261 3684 3321 gallis
3724 3260 3817 3308 LX
4025 3258 4224 3329 uenire]
4259 3276 4380 3311 uere

1128 3342 1222 3404 17⁰,
1263 3345 1474 3392 ueniere
1512 3342 1556 3391 L
1787 3344 1892 3393 loco
1928 3344 2041 3392 eius
2078 3358 2174 3392 om.
2211 3343 2301 3392 OB
2512 3348 2675 3393 oreste
2718 3344 2822 3403 OB,
2865 3352 3025 3394 oreste
3064 3346 3109 3393 A
3318 3346 3429 3406 ιῑίῖς
3468 3331 3582 3414 {sii—1]
3618 3345 3823 3409 HPVL,
3864 3349 4099 3408 magistro
4126 3349 4285 3397 milito
4316 3348 4374 3407 O,

1121 3432 1357 3491 magistro
1394 3432 1612 3478 militum
1655 3429 1768 3489 AB,
1810 3444 2043 3491 magnum
2081 3431 2163 3478 uel
2202 3432 2249 3478 Χ
2262 3432 2341 3479 ΥΖ
2574 3431 2799 3479 ordinato
2837 3432 2981 3479 AOB
3212 3434 3389 3481 orestis
3434 3432 3490 3493 O,
3535 3449 3630 3482 om.
3663 3434 3708 3480 A
3918 3435 3968 3506 ‘3
4007 3436 4228 3482 exercito
4271 3435 4312 3482 O

1121 3523 1173 3565 et
1210 3531 1308 3565 om.
1340 3515 1478 3562 XYZ
1704 3515 1870 3563 hostes
1905 3512 2039 3583 ega]
2075 3517 2169 3564 LX
2182 3518 2231 3571 Υ,
2275 3517 2361 3565 hos
2398 3532 2499 3578 egr.
2543 3518 2750 3578 HPVA,
2793 3519 2962 3566 hostes
3000 3518 3292 3578 ingrediens
3337 3518 3425 3566 OB
3634 3517 3876 3586 rauenna]
3914 3520 4069 3582 HPV,
4111 3536 4382 3570 rauennam

1120 3601 1362 3650 LAOBX
1374 3602 1411 3649 Y
1614 3598 1870 3668 peruenit]
1908 3604 2054 3649 uenit
2091 3604 2139 3650 Χ
2151 3603 2230 3650 ΥΖ
2465 3605 2755 3663 agustulum
2798 3605 2840 3652 O
3072 3605 3102 3653 4
3140 3606 3296 3652 efficit
3337 3604 3474 3652 OBX
3489 3606 3536 3664 Υ,
3578 3607 3701 3653 fecit
3736 3607 3781 3652 A
3991 3621 4089 3667 quo
4125 3605 4383 3674 conperto]

1123 3686 1519 3743 HPVLAssXY,
1561 3689 1691 3749 quod
1719 3694 1955 3751 concepto
1988 3688 2029 3735 O
2239 3702 2393 3751 nepos
2420 3690 2514 3736 AB
2721 3691 2822 3739 fuit
2853 3690 2895 3736 O
3106 3691 3135 3738 5
3175 3692 3345 3738 deficit
3377 3691 3418 3738 O
3627 3692 3819 3739 dudum
3844 3709 3941 3742 om.
3976 3694 4066 3740 OB
4272 3697 4381 3756 epi-

1123 3769 1404 3839 scopatum]
1444 3772 1777 3821 PVLAOBX
1789 3775 1829 3821 Υ
1845 3774 2003 3833 From,
2045 3777 2333 3838 episcopum
2358 3776 2411 3822 Η
2620 3774 2982 3843 salonitanum]
3019 3779 3322 3825 salotantum
3366 3777 3426 3839 0,
3469 3779 3741 3826 salutatum
3781 3778 3827 3825 B
4036 3778 4063 3826 7
4104 3780 4382 3839 agustolum

1132 3858 1192 3918 O,
1233 3858 1537 3918 augustulus
1561 3858 1635 3905 A·
1843 3875 1871 3907 a
1907 3856 2074 3926 patre]
2114 3863 2306 3924 patrem
2339 3861 2381 3908 O
2590 3871 2752 3911 oroste
2780 3865 2825 3910 A
3036 3860 3280 3930 rauenna]
3317 3871 3552 3912 reuestne
3577 3864 3619 3912 L
3826 3866 4125 3926 imperatore
4150 3882 4245 3915 om.
4272 3869 4316 3914 A

1126 3947 1283 3993 multo
1321 3943 1559 3993 LAXYZ
1801 3944 1831 3995 8
1869 3948 2112 3995 odouacer
2148 3946 2289 3994 AOB
2524 3950 2869 4009 turciligorum
2916 3949 3036 3996 OB:
3077 3950 3481 4009 Torcilangorum
3520 3964 3609 3997 rex
3648 3951 3783 3998 Frec.
4022 3966 4187 4010 scyros
4228 3953 4315 4000 OB

1126 4032 1292 4080 erulos
1329 4032 1439 4092 ΑΧ,
1481 4032 1638 4079 erolos
1688 4032 1729 4079 Y
1999 4029 2435 4099 diuersarumque]
2473 4048 2740 4096 satumque
2783 4034 2824 4081 O
3103 4035 3134 4085 9
3172 4043 3386 4084 orestem
3421 4033 3773 4104 interfectum]
3808 4036 3994 4084 HPVL
4023 4039 4183 4096 Frec„
4224 4045 4384 4086 oreste

1134 4122 1308 4180 (oroste
1337 4119 1396 4177 A)
1439 4119 1704 4167 interfecto
1730 4117 1927 4166 AOBX
1938 4118 1977 4165 Y
2176 4121 2468 4179 agustulum
2498 4121 2540 4169 0
2751 4121 2822 4168 m.
2853 4124 2967 4170 eius
2993 4122 3052 4169 de
3077 4135 3173 4170 om.
3207 4123 3252 4169 A
3466 4122 3527 4171 10
3564 4123 3796 4172 luculano
3827 4123 3933 4186 OB,
3975 4124 4155 4172 lucano
4181 4125 4318 4172 ΧΥΖ

1126 4203 1329 4252 castella
1366 4202 1411 4249 Ρ
1613 4204 1908 4266 dampnauit
1946 4204 2040 4252 HL
2249 4207 2527 4268 hisperium
2572 4207 2614 4255 0
2852 4205 2908 4255 11
2952 4221 3117 4256 romae
3156 4208 3201 4256 P
3428 4209 3560 4270 quod
3596 4222 3692 4256 om.
3725 4210 3826 4256 ΧΥ
4026 4212 4388 4272 septingentis-

1128 4291 1250 4337 simo
1288 4289 1343 4352 P,
1388 4291 1785 4360 septingensimo
1827 4288 1870 4336 O
2077 4305 2208 4340 anno
2231 4305 2286 4340 u.
2315 4305 2358 4340 c.
2401 4294 2448 4340 A
2662 4291 2722 4342 13
2762 4294 3234 4356 prodecessorumue
3278 4297 3416 4354 (-uae
3439 4293 3586 4362 Hm]
3620 4295 3955 4344 HPVLABX
3978 4296 4140 4356 Fac„
4182 4296 4387 4359 praede-

1127 4388 1447 4422 cessorumue
1491 4374 1586 4422 ΟΥ
1790 4378 2214 4437 quingentissimo
2255 4378 2297 4426 0
2508 4380 2767 4439 uigissimo
2809 4379 2851 4426 O
3061 4377 3264 4446 dehinc]
3302 4381 3540 4430 redehinc
3565 4381 3643 4428 1²⁰
3856 4382 3914 4432 14
3954 4384 4141 4431 italiam
4182 4397 4389 4431 romam·

1130 4474 1229 4523 que
1266 4462 1311 4507 A
1538 4461 1745 4510 adoacer
1781 4461 1840 4522 P,
1881 4463 2082 4511 odoacar
2125 4463 2184 4524 O,
2227 4464 2470 4513 odouacer
2507 4466 2601 4512 AB
2830 4469 2964 4515 omni
2999 4468 3193 4515 italiam
3236 4469 3395 4526 (italia
3432 4465 3561 4529 AB2)
3606 4469 3875 4528 subiugata
3911 4469 4019 4528 AB,
4060 4483 4257 4517 omnem
4291 4471 4389 4517 ita·

1130 4547 1248 4594 liam
1286 4546 1407 4595 adeo
1442 4549 1735 4606 subiugauit
1772 4549 1873 4596 ΧΥ
2111 4548 2169 4598 15
2208 4546 2444 4617 iniceret]
2487 4551 2716 4612 Classius,
2760 4552 3007 4602 indiceret
3042 4553 3380 4601 HPVLAOX
3393 4554 3441 4613 Y,
3483 4555 3726 4602 indicaret
3762 4554 3804 4601 B
4011 4557 4218 4604 initiore
4255 4557 4390 4616 regni

1138 4633 1194 4692 V,
1234 4634 1289 4679 in
1325 4634 1471 4680 initio
1509 4649 1549 4682 r.
1591 4634 1692 4681 ΧΥ
1913 4631 2171 4701 bracilam]
2210 4633 2538 4683 HPV2LAX
2549 4638 2598 4698 Y,
2639 4638 2876 4686 bracilam
2911 4637 2995 4698 V1,
3036 4639 3306 4688 brachilam
3350 4640 3438 4687 OB
3674 4640 3735 4690 16
3773 4654 3862 4689 suo
3897 4655 3994 4689 om.
4023 4644 4068 4689 A
4278 4656 4391 4690 con·

1129 4720 1407 4780 fortatoque
1453 4718 1496 4765 O
1809 4720 2060 4768 tredecem
2097 4717 2171 4787 a.]
2213 4720 2271 4783 Ρ,
2314 4722 2557 4771 tredecim
2593 4739 2637 4772 a.
2676 4723 2825 4787 VLA,
2866 4732 3054 4773 trecem
3091 4741 3136 4774 a.
3178 4726 3244 4784 H,
3288 4728 3404 4774 xiiii
3441 4741 3484 4775 a.
3536 4726 3595 4785 Ο,
3637 4727 4014 4787 quatuordecim
4049 4743 4096 4775 a.
4137 4729 4201 4788 B,
4241 4742 4394 4777 annos

1129 4805 1369 4852 tredecim
1407 4805 1456 4851 Χ
1467 4804 1548 4851 ΥΖ
1757 4806 2030 4854 theoderici
2066 4805 2297 4855 VLAOX
2308 4808 2349 4855 Y
2556 4808 2614 4858 17
2654 4807 2909 4876 obtenuit]
2944 4811 3202 4870 HPVLO,
3244 4814 3466 4860 obtinuit
3504 4812 3645 4859 ΑΒΧ
3655 4813 3695 4859 Υ
3901 4812 3961 4862 18
4000 4815 4325 4874 digressimus
4360 4815 4397 4861 V

1130 4891 1264 4938 solus
1511 4888 1575 4939 19
1613 4893 2012 4952 uuisigotborum
2050 4893 2151 4941 ΧΥ
2388 4908 2544 4956 regno
2578 4909 2674 4946 om.
2705 4895 2776 4943 8⁰
3008 4897 3329 4946 uallacitione
3368 4896 3411 4944 O
3641 4913 3812 4947 cernes
3850 4900 3893 4948 L
4123 4904 4313 4950 arelatu
4348 4902 4397 4949 Χ

1134 4975 1199 5025 20
1238 4977 1478 5026 subdedit
1515 4976 1607 5024 ΡΟ
1819 4975 2106 5045 gyzericus]
2144 4980 2198 5026 H
2210 4979 2344 5027 VBX
2354 4981 2453 5040 YZ,
2495 4982 2740 5042 gizericus
2778 4982 2962 5031 PLAO
3170 4979 3383 5050 etenim]
3419 4985 3555 5033 enim
3593 4987 3639 5033 A
3845 4987 4209 5035 uuandolorum
4245 4987 4288 5035 L

1312 5251 1355 5313 1)
1399 5252 1470 5311 cs.
1516 5251 1839 5302 Marcellinus
1875 5254 1941 5301 ad
1976 5269 2025 5302 α.
2068 5258 2200 5304 475.·
2255 5256 2449 5317 Nepote
2485 5255 2688 5305 Orestes
2734 5260 2966 5320 protinus
3013 5259 3232 5319 effugato
3267 5261 3615 5321 Augustulum
3664 5262 3823 5309 fllium
3859 5277 4009 5311 suum
4047 5264 4099 5310 in
4136 5265 4393 5325 imperium

1137 5336 1413 5387 collocavit.
1490 5340 1543 5385 in
1578 5337 1817 5387 Romanis
1853 5353 1894 5387 e.
1938 5341 2039 5390 344
2078 5346 2250 5389 auctor
2282 5357 2386 5390 non
2424 5357 2482 5390 ex
2526 5343 2702 5391 Geticis
2735 5343 2931 5404 pendet,
2973 5345 3056 5392 sed
3091 5360 3149 5393 ιε
3187 5349 3304 5406 ipsis
3340 5345 3594 5394 chronicis.

1307 5421 1355 5484 2)
1398 5423 1464 5485 cf.
1508 5422 1829 5471 Marcellinus
1865 5424 1930 5471 ad
1965 5441 2014 5474 a.
2047 5429 2147 5473 476
2165 5445 2181 5475 .·
2218 5427 2474 5476 Odovacer
2499 5443 2589 5476 rex
2615 5428 2886 5478 Gothorum
2913 5431 3116 5479 Romam
3141 5433 3376 5480 obtinuit.
3442 5430 3670 5481 Orestem
3695 5434 3945 5481 Odovacer
3967 5435 4086 5484 ilico
4113 5439 4394 5485 trucidavit.

1139 5510 1490 5570 Augustulum
1517 5510 1679 5557 fllium
1705 5509 1897 5558 Orestis
1923 5511 2173 5560 Odovacer
2196 5515 2250 5561 in
2277 5514 2553 5562 Lucullano
2582 5513 2880 5576 Campaniae
2906 5517 3111 5564 castello
3148 5518 3293 5565 exilii
3329 5533 3490 5581 poena
3524 5518 3797 5567 damnavit.
3855 5517 3925 5578 cf.
3956 5520 4187 5570 Romana
4211 5539 4252 5572 e.
4282 5527 4397 5573 344.

1308 5594 1355 5654 3)
1398 5595 1515 5644 haec
1552 5594 1760 5643 redeunt
1796 5595 1932 5657 apud
1971 5597 2320 5647 Marcellinum
2358 5599 2422 5647 ad
2459 5617 2507 5650 a.
2539 5603 2639 5649 476
2666 5600 2733 5649 ad
2756 5602 2988 5650 verbum:
3028 5603 3327 5666 Hesperium
3363 5631 3433 5641 —
3467 5631 3536 5638 —
3572 5605 3887 5653 decessorum
3924 5609 4066 5667 regni
4101 5635 4169 5644 —
4206 5637 4274 5646 —
4310 5610 4401 5657 Ro-

1135 5697 1265 5730 mam
1303 5684 1612 5731 tenentibus.
1690 5684 1755 5744 cf.
1800 5681 2025 5731 Romana
2060 5699 2099 5732 c.
2141 5686 2261 5734 345.
3226 5677 3231 5683 ”

1308 5768 1356 5829 4)
1399 5767 1470 5828 cf.
1517 5766 1844 5816 Marcellinus
1882 5768 1947 5815 ad
1986 5786 2033 5820 a.
2079 5773 2180 5818 477
2201 5787 2215 5816 .·
2254 5771 2496 5819 Bracilam
2535 5773 2766 5820 comitem
2805 5773 3054 5823 Odovacer
3090 5790 3174 5823 rex
3213 5777 3345 5838 apud
3383 5777 3667 5825 Ravennam
3704 5777 3898 5825 occidit.
