4882 6775
1098 538 1137 597 4
1781 568 1789 576 -
2550 530 2912 586 IORDANIS

991 724 1066 784 10
1276 720 1625 803 Arfaxath,
1692 720 1864 787 filius
1909 723 2059 787 Sem
2082 773 2097 804 ,
2162 740 2370 806 nepus
2412 720 2590 802 Noe,
2655 718 2765 803 qui
2809 727 2955 804 post
2997 718 3311 785 diluvium
3355 740 3524 786 anno
3581 719 3860 786 secundo
3918 726 4019 785 est
4073 720 4359 803 genitus,
4396 732 4460 774 er·
4494 732 4617 772 Ge·—
4647 732 4694 772 ¹·

1100 825 1262 891 vixit
1305 843 1507 891 annos
1551 842 1781 891 cxxxv
1825 831 1891 890 et
1932 823 2157 907 genuit
2200 824 2472 889 Cainan.

1272 928 1523 994 Cainan
1565 948 1716 993 vero
1761 927 1925 992 vixit
1965 949 2070 992 an.
2122 946 2305 992 cxxx
2350 934 2416 992 et
2457 927 2683 1011 genuit
2725 928 2902 993 Sala.

1274 1032 1435 1097 Sala
1476 1037 1691 1096 autem
1736 1031 1897 1096 vixit
1940 1052 2045 1096 an.
2099 1049 2281 1095 cxxx
2327 1037 2392 1096 et
2433 1030 2658 1113 genuit
2700 1030 2933 1095 Heber.

1040 1156 1065 1194 ε
1275 1135 1493 1200 Heber
1535 1154 1788 1217 quoque
1834 1134 1999 1198 vixit
2041 1155 2148 1198 an.
2199 1149 2385 1197 cxxx
2431 1139 2498 1199 et
2538 1132 2763 1216 genuit
2807 1130 3068 1196 Falech.

1275 1238 1334 1302 A
1378 1236 1751 1303 confusione
1797 1257 1948 1320 ergo
1995 1236 2360 1319 linguarum
2404 1242 2472 1301 et
2514 1235 2788 1320 primatu
2834 1234 3070 1311 Heber,
3134 1254 3176 1296 a
3219 1252 3345 1315 quo
3392 1232 3650 1314 Hebrei,
3703 1240 3768 1298 et
3809 1253 4014 1315 usque
4059 1233 4363 1299 nativita-

1101 1346 1231 1406 tem
1278 1339 1577 1405 Abrahae
1599 1391 1613 1419 ,
1680 1339 1937 1422 quando
1995 1345 2062 1405 et
2119 1338 2361 1421 primus
2420 1359 2534 1404 rex
2589 1338 2657 1402 in
2714 1336 2952 1402 mundo
2996 1335 3063 1400 in
3107 1342 3299 1420 gente
3345 1336 3660 1417 regnabat
3700 1336 4107 1422 Assyriorum
4150 1337 4362 1402 Ninus

1102 1464 1271 1511 anno
1314 1443 1497 1527 regni
1542 1443 1643 1508 sui
1686 1461 1856 1524 xnn,
1909 1462 2103 1527 supra
2147 1442 2383 1526 scripto
2429 1442 2819 1508 familiarum
2865 1439 3032 1506 serie
3077 1445 3423 1520 currentes,
3476 1439 3636 1505 fiunt
3677 1440 3830 1505 anni
3872 1458 4043 1505 Dxm
4086 1439 4199 1505 sic.

1273 1546 1513 1611 Falech
1560 1546 1720 1611 vixit
1762 1567 1865 1611 an.
1919 1564 2105 1612 cxxx
2150 1552 2217 1610 et
2259 1545 2486 1629 genuit
2529 1546 2779 1628 Ragau.

1006 1670 1063 1710 ιο
1274 1651 1505 1733 Ragau
1550 1649 1712 1714 vixit
1753 1669 1860 1714 an.
1912 1667 2151 1714 cxxxu
2195 1655 2260 1714 et
2306 1647 2533 1731 genuit
2575 1647 2843 1712 Seruch.

1272 1752 1515 1818 Seruch
1562 1758 1776 1817 autem
1821 1752 1986 1817 vixit
2028 1772 2177 1816 ann.
2232 1769 2415 1816 cxxx
2463 1757 2527 1816 et
2570 1749 2795 1833 genuit
2837 1749 3117 1813 Nachor.

1268 1855 1529 1921 Nachor
1572 1875 1721 1921 vero
1768 1854 1929 1920 vixit
1971 1875 2078 1919 an.
2130 1872 2423 1918 Lxxvnn
2471 1860 2536 1918 et
2578 1852 2803 1936 genuit
2847 1851 3090 1915 Thara.

1271 1956 1489 2021 'Phara
1534 1978 1788 2041 quoque
1834 1957 1997 2023 vixit
2039 1979 2144 2022 an.
2200 1976 2335 2021 Lxx
2383 1963 2449 2021 et
2493 1954 2717 2039 genuit
2761 1955 3022 2020 Abram.

987 2068 1055 2127 11
1271 2061 1476 2126 Simul
1523 2082 1675 2144 ergo
1720 2063 1803 2127 ab
1850 2060 2056 2126 Adam
2103 2069 2169 2127 et
2212 2081 2417 2143 usque
2463 2059 2548 2124 ad
2595 2059 2994 2124 nativitatem
3039 2058 3371 2135 Abrahae,
3439 2056 3508 2121 id
3568 2065 3668 2122 est
3716 2057 3799 2121 ab
3846 2066 3986 2123 ortu
4033 2059 4251 2124 mundi
4296 2068 4363 2125 et

1004 2187 1062 2228 ¹5
1101 2184 1309 2247 usque
1355 2163 1852 2247 quadragesimo
1898 2165 2179 2231 secundo
2225 2184 2392 2229 anno
2438 2162 2613 2247 regis
2659 2162 2844 2248 primi
2891 2162 3297 2244 Assyriorum
3345 2160 3533 2243 Nini,
3598 2167 3667 2225 ut
3713 2161 4006 2245 superius
4050 2163 4352 2245 diximus,

1099 2288 1213 2353 per
1268 2267 1549 2333 familias
1609 2269 1950 2353 capitaque
2002 2290 2219 2335 eorum
2265 2268 2425 2333 fiunt
2470 2266 2918 2351 generationes
2964 2263 3231 2347 viginti,
3298 2265 3451 2328 anni
3494 2270 3710 2328 autem
3757 2267 4124 2348 fficccvm,
4192 2266 4358 2332 unde

1096 2371 1225 2436 iam
1274 2372 1514 2436 relictis
1560 2371 1824 2437 familiis
1870 2393 2093 2455 regum
2141 2372 2371 2437 seriem
2416 2389 2877 2455 persequamur
2920 2376 3005 2449 et,
3059 2368 3225 2433 sicut
3253 2367 3571 2447 Eusevius
3603 2369 3704 2433 vel
3746 2369 4177 2451 Hieronimus,
4228 2371 4360 2454 pri-

1098 2493 1270 2538 mum
1316 2474 1744 2557 Assyriorum,
1797 2475 2031 2540 deinde
2078 2475 2408 2539 Medorum
2455 2474 2919 2555 Persarumque
2973 2477 3038 2535 et
3081 2470 3428 2535 Grecorum
3476 2477 3824 2552 currentes,
3875 2472 3959 2537 ad
4006 2474 4358 2540 Romanum

1006 2599 1061 2638 19
1103 2576 1416 2658 quomodo
1461 2576 1745 2642 delatum
1792 2585 1892 2642 est
1934 2578 2039 2642 vel
2084 2576 2260 2658 quali
2304 2583 2615 2661 tempore,
2669 2574 2886 2656 latine,
2939 2574 2995 2637 si
3042 2572 3335 2638 dominus
3381 2573 3762 2657 permiserit,
3817 2595 4229 2659 exequamur.

988 2685 1064 2744 12
1276 2679 1472 2762 Origo
1530 2700 1682 2762 ergo
1741 2701 1965 2762 regum
2024 2699 2493 2763 regnorumque
2555 2678 2820 2760 antiqua
2875 2676 3122 2742 Assiria
3179 2676 3364 2742 nobis
3422 2677 3857 2762 amplexanda
3912 2686 4045 2759 est,
4111 2682 4174 2744 in
4231 2701 4360 2763 qua
4387 2696 4519 2737 Hier-
4560 2700 4723 2739 Διιι

1104 2783 1346 2866 primus
1392 2782 1601 2847 Ninus
1646 2782 1790 2848 Beli
1843 2782 2045 2865 filius,
2112 2783 2333 2847 urbem
2381 2782 2480 2847 sui
2528 2781 2802 2846 nominis
2850 2780 3172 2845 fabricans
3217 2780 3533 2860 Niniven,
3599 2782 3895 2864 regnavit
3951 2803 4055 2847 an.
4107 2802 4283 2866 xml,
4344 2786 4369 2874 fl

1102 2885 1213 2950 ubi
1272 2904 1313 2949 a
1370 2884 1574 2969 primo
1634 2905 1799 2950 anno
1842 2885 2049 2969 ipsius
2095 2885 2249 2950 Nini
2295 2892 2360 2951 et
2403 2904 2606 2967 usque
2649 2884 2717 2949 in
2762 2883 3055 2949 ultimum
3100 2903 3338 2949 annum
3384 2883 3644 2949 Thonos
3691 2885 4109 2968 Concoloros,
4170 2907 4359 2969 quem
4386 2900 4520 2943 ffler-
4557 2903 4616 2943 Δ.
4651 2906 4740 2944 ¹12³

1105 2987 1293 3052 Greci
1349 2986 1843 3053 Sardanafalum
1908 2990 2278 3073 appellant,
2354 3008 2545 3071 quem
2604 2986 2839 3053 occidit
2895 2987 3180 3052 Arbaces
3239 2986 3573 3051 Medorum
3631 2988 4030 3071 praefectus,
4095 3008 4360 3070 regnum

1100 3089 1265 3155 illud
1322 3090 1716 3156 transferens
1772 3091 1841 3156 in
1887 3090 2141 3172 Medos,
2208 3097 2546 3173 regnatum
2605 3096 2704 3155 est
2758 3110 2799 3154 a
2858 3089 3120 3173 regibus
3179 3089 3457 3173 trigenta
3507 3097 3572 3155 et
3615 3110 3731 3156 sex
3776 3110 3891 3176 per
3934 3110 4138 3158 annos
4182 3092 4361 3158 mille

1003 3215 1065 3257 π
1103 3193 1413 3261 ducentos
1455 3194 1888 3279 quadraginta
1932 3194 2049 3259 sic.

987 3303 1063 3364 13
1272 3296 1480 3361 Ninus
1525 3317 1638 3362 rex
1684 3297 2092 3381 Assyriorum
2141 3306 2287 3383 post
2330 3292 2736 3363 nativitatem
2782 3297 3082 3362 Abrahae
3127 3297 3422 3379 regnavit
3465 3317 3614 3361 ann.
3667 3316 3732 3362 x.
4325 3318 4333 3327 ·
4389 3312 4519 3354 mor.
4553 3312 4611 3353 A.
4647 3317 4666 3357 ι

989 3408 1061 3467 14
1272 3400 1648 3466 Semiramis
1682 3421 1840 3465 uxor
1868 3401 2023 3466 Nini
2056 3402 2243 3468 annis
2274 3421 2440 3467 xmr.
2519 3402 2684 3466 hanc
2727 3400 2945 3466 dicunt
2991 3401 3177 3483 quasi
3209 3401 3606 3484 Babyloniae
3651 3400 4083 3483 conditricem,
4135 3424 4363 3485 quam·
4390 3415 4517 3458 Hier·
4549 3418 4612 3461 Δ.
4645 3421 4689 3459 ¹¹

1096 3503 1196 3568 vis
1240 3525 1368 3570 non
1412 3505 1666 3587 legatur
1709 3505 1863 3586 quia
1906 3505 2211 3584 condidit,
2266 3505 2383 3571 sed
2428 3504 2586 3586 quia
2628 3504 2973 3589 reparavit.
3012 3505 3036 3588 ΙΙ
3069 3504 3187 3569 sub
3219 3525 3298 3569 ea
3327 3504 3565 3569 Abram
3606 3503 3904 3569 adoliscit
3943 3505 4012 3569 in
4042 3505 4355 3573 Chaldea.
4389 3519 4515 3561 Hier·
4551 3520 4610 3560 A·
4644 3522 4692 3562 ¹⁰

986 3613 1062 3672 15
1271 3607 1548 3689 Zameis,
1600 3606 1709 3690 qui
1756 3614 1822 3673 et
1849 3609 2101 3694 Ninias,
2154 3608 2326 3673 filius
2359 3608 2514 3673 Nini
2559 3614 2623 3672 et
2669 3606 3132 3688 Semiramidis,
3185 3627 3334 3671 ann.
3372 3625 3665 3671 xxxvm.
3705 3606 3730 3690 ΙΙ
3763 3607 3946 3672 cuius
3989 3609 4361 3675 trecessimo
4388 3622 4515 3663 Hier·
4546 3624 4604 3664 A·
4637 3625 4701 3666 ω.
4739 3626 4782 3664 τε

1000 3731 1060 3773 ³0
1099 3709 1283 3775 tertio
1328 3730 1495 3774 anno
1540 3709 1713 3775 facta
1757 3718 1856 3776 est
1898 3711 2236 3796 promissio
2281 3711 2365 3775 ad
2412 3710 2675 3790 Abram,
2727 3730 2871 3774 cum
2917 3716 3090 3774 esset
3132 3729 3441 3774 annorum
3487 3727 3696 3773 Lxxv.

986 3817 1064 3877 16
1273 3811 1466 3877 Arius
1510 3834 1659 3878 ann.
1711 3833 1877 3879 xxx
1916 3814 1940 3898 ΙΙ
1973 3815 2155 3879 cuius
2201 3814 2449 3879 decimo
2494 3833 2660 3878 anno
2706 3811 3112 3878 centenarius
3155 3811 3481 3876 Abraham
3526 3811 3750 3895 genuit
3793 3812 3996 3877 filium
4040 3812 4246 3878 Isaac.
4391 3827 4514 3869 flier-
4544 3829 4691 3871 A-m.
4713 3832 4782 3869 νε·

989 3919 1064 3979 17
1276 3914 1536 3980 Aralius
1579 3936 1685 3980 an.
1721 3935 1833 3980 xt..
1872 3917 1897 4001 ΙΙ
1928 3917 2118 3981 huius
2162 3916 2230 3981 in
2276 3915 2503 3981 ultimo
2548 3915 2731 3998 regni
2776 3935 2944 3980 anno
2989 3921 3340 3979 nascuntur
3382 3914 3623 3998 gemini
3669 3915 3878 3997 Isaac,
3930 3915 4000 3980 id
4042 3923 4142 3980 est
4169 3917 4360 3982 Iacob
4388 3931 4780 3974 menam-les

1103 4023 1168 4082 et
1209 4018 1406 4082 Esau.

987 4125 1063 4187 18
1272 4120 1536 4200 Xerses,
1590 4120 1701 4202 qui
1731 4129 1795 4185 et
1824 4120 2080 4203 Baleus,
2132 4142 2237 4186 an.
2275 4140 2440 4186 xxx.
2481 4122 2506 4206 ΙΙ
2537 4120 2603 4185 in
2647 4120 2838 4186 huius
2883 4120 3066 4203 regni
3110 4126 3394 4205 tempore
3424 4121 3637 4202 Iacob,
3690 4141 4067 4203 germanum
4100 4123 4356 4206 fugiens
4383 4120 4592 4214 gig-32·
4629 4123 4696 4162 ¹⁶¹

1000 4246 1063 4288 ³5
1100 4222 1297 4302 Esau,
1352 4221 1685 4288 descendit
1727 4224 1794 4287 in
1838 4223 2133 4308 Aegypto
2179 4225 2352 4290 solus
2397 4225 2764 4307 ditatusque
2811 4246 2955 4289 cum
2998 4224 3187 4289 turba
3232 4223 3545 4289 ascendit.

988 4331 1064 4393 19
1272 4325 1688 4390 Armamitres
1733 4346 1883 4390 ann.
1934 4345 2229 4391 xxxvm.
2284 4328 2307 4409 ΙΙ
2355 4327 2549 4392 Iacob
2609 4347 2650 4391 a
2709 4327 3013 4393 servitute
3074 4327 3278 4392 soceri
3324 4327 3549 4392 Laban
3607 4327 3915 4393 recedens
3973 4329 4059 4394 ad
4112 4336 4359 4414 patrem
4385 4325 4590 4420 {225³}
4627 4328 4693 4370 ¹⁹¹

1103 4429 1462 4496 revertitur.

983 4539 1063 4600 20
1273 4531 1592 4597 Belochus
1638 4552 1786 4596 ann.
1827 4551 2034 4598 xxxv.
2074 4532 2099 4618 ΙΙ
2132 4532 2251 4598 hoc
2295 4538 2608 4615 regnante
2653 4533 2885 4618 Ioseph
2931 4532 3299 4599 aduliscens
3345 4531 3593 4597 somnia
3635 4553 3755 4598 sua
3799 4533 4103 4600 fratribus
4146 4543 4363 4601 narrat
4386 4531 4590 4626 {22:423
4617 4533 4695 4626 ³4²?

1102 4641 1168 4700 et
1207 4635 1394 4720 patri.

1275 4912 1318 4959 P
1345 4911 1461 4962 VS.
1501 4940 1571 4949 —
1609 4913 1741 4965 Mur.
1776 4930 1831 4976 p.
1862 4902 1988 4964 ‘229⁶
2022 4932 2073 4966 v.
2103 4914 2133 4964 3
2170 4929 2299 4964 -nan
2336 4928 2472 4964 vero,
2512 4940 2582 4953 —-
2620 4915 2754 4964 Mur.
2792 4929 2844 4975 p.
2877 4913 3006 4962 223·
3041 4931 3088 4964 v.
3119 4914 3184 4963 32
3221 4915 3441 4963 Arallus.
3471 4922 3474 4926 “

1276 5049 1307 5097 6
1343 5051 1614 5112 primatum
1653 5049 1692 5097 S
1920 5054 2040 5101 eber
2082 5053 2125 5101 V
2154 5058 2210 5101 ut
2240 5057 2426 5114 passim
2671 5053 2805 5101 ebrei
2851 5053 2892 5098 V
3118 5049 3304 5118 usque]
3339 5066 3498 5114 usque
3532 5052 3591 5100 ad
3627 5051 3668 5100 V
3907 5053 3935 5101 7
3972 5053 4217 5103 habrahae
4256 5055 4299 5102 P

1104 5137 1264 5198 primo
1289 5135 1328 5183 S
1534 5135 1564 5184 8
1604 5134 1740 5203 xmx]
1775 5140 1898 5187 xliii
1936 5139 2264 5201 {heronymus
2473 5154 2622 5202 supra
2654 5141 2847 5200 (supras
2875 5139 2927 5200 P)
2960 5140 3179 5200 scripto,
3215 5174 3229 5188 .
3262 5175 3272 5186 .
3305 5135 3457 5204 serie]
3484 5138 3580 5201 ΡΒ,
3620 5153 3771 5199 supra
3806 5140 4042 5200 scriptam
4083 5175 4093 5187 .
4128 5175 4139 5187 .
4182 5142 4360 5190 seriem

1112 5223 1179 5269 V:
1220 5223 1444 5282 intellaeye
1480 5224 1524 5270 si
1562 5238 1711 5284 supra
1747 5226 1978 5286 scriptam
2016 5227 2052 5273 s.
2093 5228 2270 5273 seriem
2308 5227 2647 5287 percurrimus
2878 5224 2931 5272 11
2976 5232 3142 5273 autem
3181 5240 3278 5274 om.
3318 5225 3384 5271 V⁰
3598 5225 3676 5274 11.
3723 5224 3782 5274 12
3821 5227 3998 5274 nacbor
4035 5227 4215 5274 naebor
4253 5226 4298 5273 P

1111 5308 1169 5357 14
1206 5307 1451 5357 habrahae
1475 5309 1522 5355 P
1735 5310 1792 5357 15
1829 5310 2258 5372 quadragesimum
2285 5311 2563 5360 secundum
2600 5310 2639 5355 V
2843 5308 2996 5377 anno]
3032 5311 3086 5371 S,
3129 5325 3317 5359 annum
3354 5310 3407 5370 V,
3449 5325 3529 5359 an.
3563 5310 3608 5357 P
3816 5310 3879 5360 16
3917 5314 4293 5371 generationum
4323 5312 4366 5359 P

1109 5394 1167 5443 Π
1207 5390 1328 5460 iam]
1366 5399 1484 5442 tan*
1529 5395 1651 5454 (suit
1685 5397 1804 5459 tam)
1848 5396 1923 5457 8¹,
1978 5403 2173 5445 tantum
2210 5395 2281 5447 82
2558 5393 2665 5463 uel]
2703 5396 2799 5457 ΡΒ,
2854 5411 2942 5446 seu
2992 5398 3081 5459 (V)
3365 5396 3432 5445 20
3469 5398 3617 5445 asiria
3664 5397 3718 5456 V,
3775 5399 3962 5445 assem
3999 5398 4052 5458 S,
4095 5413 4123 5445 a
4159 5401 4284 5446 aeria
4320 5397 4365 5444 P

1104 5477 1161 5528 21
1207 5477 1343 5547 un]
1382 5480 1437 5542 P,
1478 5482 1567 5529 *lii
1605 5482 1658 5540 S,
1699 5482 1757 5529 111
1802 5483 1843 5529 V
2082 5482 2148 5532 22
2185 5481 2359 5549 quem]
2395 5498 2494 5544 que
2532 5483 2569 5532 S
2811 5483 2875 5532 23
2913 5485 3042 5543 greci
3080 5479 3473 5549 sardanafalum]
3519 5483 3608 5547 VS,
3665 5484 3797 5541 regis
3835 5483 4020 5531 ardana
4056 5483 4210 5531 falum
4249 5484 4294 5531 P

1103 5566 1324 5628 apellant
1359 5568 1406 5614 P
1678 5567 1742 5616 25
1780 5565 2047 5634 ducentos]
2092 5568 2183 5629 VS,
2227 5570 2499 5618 duocentos
2536 5569 2581 5616 Ρ
2856 5568 2922 5618 26
2958 5570 3262 5628 asyrriorum
3299 5568 3344 5616 P
3585 5569 3799 5616 ubrahae
3839 5568 3883 5615 P
4123 5569 4284 5617 decim
4319 5570 4364 5617 P

1104 5649 1167 5700 27
1206 5650 1378 5720 annis]
1416 5653 1519 5714 PV,
1560 5655 1661 5705 arffi
1688 5654 1726 5701 S
1930 5654 1997 5705 28
2033 5657 2203 5704 condit
2227 5656 2272 5703 P
2480 5656 2543 5705 29
2583 5652 2751 5723 Ζάμις
2777 5653 2804 5707 ὁ
2827 5654 2915 5707 καὶ
2941 5651 3131 5713 Νινύας
3158 5656 3395 5704 Eusebius
3602 5655 3892 5702 trecessimo
3917 5656 3974 5702 iil
4003 5654 4059 5714 P,
4102 5656 4360 5703 trecesimo

1108 5740 1246 5798 (trie-
1283 5740 1337 5798 V)
1368 5742 1518 5792 tertio
1551 5742 1658 5788 VS:
1697 5744 1934 5791 uicesimo
1959 5744 2105 5790 tertio
2129 5745 2396 5804 requiritur
2593 5743 2660 5792 30
2695 5744 2926 5792 abraham
2964 5744 3003 5789 V
3196 5742 3256 5791 31
3302 5744 3459 5791 fllium
3487 5742 3621 5789 isaac
3647 5743 3701 5788 ln
3724 5743 3880 5789 litura
3914 5741 3955 5787 V
4148 5740 4211 5788 33
4248 5755 4360 5788 esao

1106 5828 1149 5875 P
1336 5827 1398 5875 34
1438 5823 1664 5885 Βαλαιός
1700 5828 1936 5878 Era-nebim
2126 5830 2192 5880 35
2228 5830 2477 5879 discendit
2501 5830 2574 5878 1²⁰
2759 5827 2990 5896 aegypto]
3027 5830 3124 5892 ΡΒ,
3165 5836 3432 5890 aegyptum
3471 5829 3512 5875 V
3699 5827 3763 5877 :38
3801 5823 3972 5892 xxxv]
4019 5826 4111 5884 VS,
4154 5827 4280 5874 xxxi
4318 5827 4363 5874 P
