4882 6775
392 1848 504 1890 lon.

232 3291 295 3331 ef.
325 3291 437 3333 Gon.
464 3296 490 3341 5

707 1830 1012 1911 Romani,
1081 1836 1149 1894 ut
1207 1830 1299 1894 ait
1341 1830 1719 1910 Iamblicus,
1786 1830 1983 1895 armis
2035 1836 2101 1895 et
2143 1829 2398 1913 legibus
2443 1837 2817 1897 exercentes
2862 1831 3078 1896 orbem
3122 1838 3332 1897 terrae
3378 1851 3565 1899 suum
3609 1834 3782 1900 fece·
3819 1837 3856 1897 6

524 1938 699 1996 runt:
769 1931 966 1997 armis
1021 1932 1076 1997 si
1135 1931 1393 2015 quidem
1452 1939 1972 2014 construxerunt,
2040 1932 2295 2015 legibus
2355 1939 2572 1998 antem
2634 1941 3198 2000 conservaverunt.
3291 1936 3461 2018 quod
3518 1944 3584 2002 et
3628 1958 3771 2021 ego,

522 2053 799 2118 sequens
845 2034 1347 2101 eruditissimum
1392 2035 1636 2116 virum,
1703 2034 1855 2100 dum
1914 2035 2134 2118 aliqua
2185 2034 2265 2100 de
2312 2054 2500 2101 cursu
2546 2042 2902 2121 temporum
2948 2036 3227 2103 scribere
3273 2039 3597 2122 delibero,
3662 2061 3779 2107 ne-

522 2137 867 2202 cessarium
922 2136 1079 2201 duxi
1132 2137 1438 2222 opusculo
1493 2159 1635 2204 meo
1689 2139 1869 2204 velut
1926 2138 2180 2222 insigne
2225 2138 2548 2220 quoddam
2594 2145 3032 2205 ornamentum
3079 2161 3494 2225 praeponere.
3590 2144 3777 2227 cupio

520 2261 794 2324 namque
837 2241 924 2306 ad
964 2240 1484 2325 inquisitionibus
1520 2241 1710 2307 amici
1739 2241 2126 2324 fidelissimi,
2178 2262 2260 2307 ex
2294 2242 2569 2307 diversis
2602 2242 3032 2308 voluminibus
3063 2244 3371 2310 maiorum
3403 2246 3777 2330 praelibans
3817 2267 3842 2305 ⁵

519 2343 738 2428 aliqua
781 2344 1048 2410 floscula
1090 2363 1204 2428 pro
1248 2350 1439 2429 captu
1485 2343 1728 2428 ingenii
1774 2344 1901 2410 mei
1945 2343 2013 2409 in
2058 2365 2251 2410 unum
2299 2344 2597 2429 redigere
2643 2352 2709 2411 et
2751 2346 2820 2410 in
2863 2346 3121 2411 modum
3167 2348 3600 2415 storiunculae
3643 2355 3776 2416 tam

519 2467 827 2515 annorum
890 2448 1097 2514 seriae
1156 2468 1349 2530 quam
1407 2447 1601 2514 etiam
1659 2468 1878 2513 eorum
1939 2448 2250 2531 virorum,
2318 2448 2426 2531 qui
2473 2448 2721 2515 fortiter
2763 2448 2834 2515 in·
2874 2470 2944 2515 re
2988 2450 3250 2534 publica
3294 2451 3769 2534 laboraverunt,

519 2559 706 2634 gesta
772 2551 1040 2617 strictim
1105 2551 1509 2633 breviterque
1577 2551 1921 2633 collegere.
2016 2551 2189 2634 quod
2254 2552 2550 2634 quamvis
2619 2552 3000 2637 simpliciter
3063 2573 3206 2618 reor
3269 2554 3510 2620 dictum
3570 2555 3778 2622 videri
3814 2558 3849 2618 7

519 2654 940 2735 doctissimis,
1005 2660 1256 2737 gratum
1317 2660 1533 2719 tamen
1578 2653 1713 2719 fore
1758 2654 2033 2719 aestimo
2078 2653 2543 2737 mediocribus,
2610 2655 2763 2720 dum
2808 2663 2874 2721 et
2915 2657 3142 2721 brevia
3186 2656 3328 2722 sine
3373 2657 3634 2723 fastidio
3679 2660 3777 2724 le-

516 2763 675 2841 gant
733 2763 799 2822 et
849 2757 987 2822 sine
1040 2755 1256 2839 aliquo
1311 2756 1458 2821 fuco
1517 2756 1854 2822 verborum
1912 2776 2077 2839 quae
2139 2756 2580 2823 lecticaverint
2624 2757 2925 2822 sentiant.
3021 2759 3105 2825 ab
3164 2759 3478 2842 originem
3537 2760 3774 2827 etenim
3819 2781 3875 2822 ιο

516 2860 686 2925 orbis
730 2860 1061 2944 primaque
1105 2859 1426 2926 creatione
1470 2866 1602 2924 tam
1648 2858 1923 2924 hominis
1967 2879 2157 2942 quam
2203 2860 2663 2925 elementorum
2709 2867 2774 2926 et
2816 2879 3021 2945 usque
3065 2862 3237 2928 orbis
3280 2870 3489 2929 terrae
3534 2861 3776 2930 diluvio

516 2963 867 3028 secundum
925 2963 1208 3029 veredici
1262 2962 1651 3046 legislatoris
1709 2962 1909 3029 verba
1965 2962 2174 3028 Mosei
2231 2963 2359 3028 duo
2421 2962 2603 3027 milia
2659 2963 2972 3030 ducentos
3032 2965 3462 3050 quadraginta
3525 2974 3590 3032 et
3648 2966 3776 3033 duo

515 3085 720 3133 annos
764 3067 1165 3150 collegimus.
1242 3066 1309 3132 in
1354 3066 1588 3150 quibus
1632 3066 1820 3132 annis
1863 3065 2077 3131 adhuc
2120 3065 2262 3133 rudi
2307 3073 2372 3132 et
2416 3066 2694 3152 simplici
2739 3067 3069 3133 hominum
3114 3076 3342 3135 natura
3385 3089 3512 3135 non
3556 3063 3767 3155 ieges,

517 3169 633 3235 sed
677 3169 1069 3235 familiarum
1113 3170 1325 3254 capita
1369 3188 1486 3235 suo
1530 3169 1598 3234 in
1642 3189 1880 3253 genere
1928 3175 2128 3235 erant.
2223 3190 2495 3252 quorum
2538 3176 2753 3235 tamen
2801 3170 2955 3236 ordo
3002 3171 3448 3238 huiuscemodi
3495 3173 3637 3238 fuit.
3814 3196 3873 3237 ιι

688 3271 898 3337 Adam
942 3271 1372 3357 protoplastus
1415 3272 1786 3356 primusque
1833 3272 2193 3337 mortalium
2237 3272 2402 3338 vixit
2445 3291 2650 3338 annos
2695 3290 2922 3339 ccxxx
2966 3280 3032 3339 et
3074 3274 3299 3358 genuit
3340 3276 3521 3341 Seth.
3682 3301 3690 3308 ·
3810 3281 3849 3343 8

688 3375 846 3441 Seth
890 3374 1052 3441 vixit
1096 3396 1202 3440 an.
1254 3394 1384 3441 ccv
1428 3381 1492 3441 et
1533 3374 1759 3459 genuit
1802 3375 1998 3442 Enos.

687 3480 859 3545 Enos
903 3484 1119 3546 autem
1164 3478 1328 3544 vixit
1371 3500 1476 3544 an.
1530 3497 1660 3544 cxc
1706 3485 1771 3543 et
1814 3478 2038 3562 genuit
2083 3478 2353 3545 Cainan.

689 3582 935 3649 Cainan
978 3582 1135 3649 item
1180 3581 1341 3646 vixit
1383 3602 1491 3646 an.
1542 3599 1722 3647 cnxx
1766 3588 1831 3647 et
1872 3582 2098 3666 genuit
2140 3581 2512 3648 Malelehel.

688 3685 1034 3751 Malelehel
1078 3685 1241 3751 vixit
1283 3706 1387 3750 an.
1441 3704 1620 3751 cnxv
1664 3691 1731 3750 et
1772 3684 1997 3769 genuit
2036 3684 2277 3751 Iareth.

688 3789 905 3855 Iareth
948 3808 1098 3853 vero
1143 3788 1306 3854 vixit
1347 3808 1455 3853 an.
1505 3807 1691 3855 cnxn
1736 3795 1801 3853 et
1845 3787 2069 3870 genuit
2110 3787 2355 3854 Enoch.
3809 3813 3871 3855 20

687 3891 908 3958 Enoch
950 3911 1100 3957 vero
1145 3891 1309 3956 vixit
1351 3912 1456 3956 an.
1509 3909 1687 3956 cnxv
1734 3898 1800 3957 et
1842 3890 2067 3974 genuit
2110 3891 2501 3958 Mathusala.

686 3995 1054 4060 Mathusala
1096 3994 1256 4059 vixit
1299 4015 1404 4058 an.
1456 4013 1691 4060 cnxvn
1737 4000 1802 4058 et
1845 3993 2070 4075 genuit
2114 3994 2417 4059 Lamech.

688 4096 966 4164 Lamech
1012 4117 1263 4181 quoque
1306 4097 1471 4163 vixit
1512 4118 1617 4162 an.
1670 4113 2029 4163 cnxxxvm
2074 4103 2140 4161 et
2180 4096 2406 4180 genuit
2449 4098 2611 4164 Noe.

683 4202 825 4267 Noe
874 4221 1026 4267 vero
1084 4207 1529 4267 sexcentorum
1584 4207 1723 4265 erat
1766 4218 2114 4282 annorum,
2189 4199 2450 4284 quando
2495 4199 2810 4266 diluvium
2854 4198 3077 4265 mundi
3122 4197 3567 4265 crudelissima
3612 4197 3777 4263 faci·
3811 4211 3851 4269 9

511 4325 670 4372 nora
712 4304 1020 4388 expiavit.
1114 4325 1155 4369 a
1200 4304 1381 4370 cuius
1426 4303 1736 4387 regimine
1780 4303 1885 4368 vel
1931 4302 2014 4367 ab
2059 4302 2203 4387 ipso
2249 4302 2491 4370 diluvio
2539 4323 2739 4387 usque
2784 4301 2869 4369 ad
2909 4301 3348 4369 confusionem
3378 4301 3766 4385 linguarum,
3813 4327 3875 4370 2⁵

514 4429 636 4491 que
701 4409 853 4474 item
922 4408 1003 4473 ob
1062 4407 1312 4473 delecta
1367 4406 1843 4473 aedificantium
1900 4412 2139 4470 turrem
2200 4405 2373 4471 facta
2427 4413 2528 4472 est
2586 4406 2654 4470 in
2709 4426 2936 4490 campo
2998 4405 3363 4485 Sennahar,
3444 4412 3510 4471 et
3570 4422 3775 4488 usque

513 4511 764 4592 Heber,
821 4510 889 4574 in
934 4531 1058 4593 quo
1103 4509 1498 4577 Hebreorum
1543 4527 1749 4594 genus
1795 4515 1861 4574 et
1904 4508 2128 4592 lingua
2171 4509 2386 4593 prisca
2429 4508 2755 4591 remansit,
2810 4509 2964 4592 quia
3010 4528 3131 4573 nec
3174 4508 3238 4572 in
3283 4507 3398 4573 illa
3442 4505 3774 4590 conspira-

513 4615 684 4680 tione
729 4612 1038 4695 interfuit,
1092 4620 1239 4677 sunt
1283 4612 1434 4678 anni
1481 4631 1674 4677 nxxv
1719 4631 1835 4696 per
1878 4609 2162 4675 familias
2207 4611 2323 4676 sic.

691 4927 734 4974 P
760 4926 803 4973 V
823 4925 875 4975 S.

691 5072 711 5120 1
754 5073 945 5120 romani
983 5086 1033 5120 u.
1077 5087 1119 5120 a.
1162 5087 1206 5119 a.
1248 5073 1399 5119 armis
1436 5074 1489 5118 et
1525 5074 1579 5118 in
1614 5072 1767 5118 litura
1817 5070 1856 5115 V
2061 5070 2301 5117 amblicus
2348 5070 2401 5128 V,
2445 5069 2726 5117 iamblicius
2763 5068 2813 5127 S,
2855 5069 3133 5118 iamblitius
3170 5069 3216 5115 P
3432 5067 3463 5116 2
3500 5072 3772 5115 eonstuxe-

450 5175 460 5182 “
512 5162 632 5206 runt
656 5156 727 5204 P·
932 5157 963 5205 4
1001 5153 1226 5222 insigne]
1263 5158 1404 5216 signe
1431 5156 1469 5202 S
1677 5156 1707 5203 5
1746 5156 1805 5202 ad
1833 5151 2271 5219 inquisitionibus]
2303 5153 2394 5213 PS,
2425 5155 2488 5202 ad
2515 5155 2869 5216 inquisitiones
2904 5156 2945 5202 V
3149 5154 3175 5201 7
3218 5156 3347 5203 serie
3372 5154 3426 5213 S,
3458 5154 3634 5201 seriem
3669 5153 3708 5198 V

512 5257 616 5292 rem
643 5245 896 5305 publicam
930 5243 1007 5290 VS
1215 5241 1246 5290 8
1283 5237 1550 5306 collegere]
1588 5240 1685 5301 ΡΒ,
1727 5241 1965 5301 colligere
1998 5240 2037 5285 V
2244 5240 2417 5288 uidere
2444 5239 2525 5287 128
2738 5240 2800 5288 10
2837 5246 2889 5288 et
2913 5237 3050 5305 sine]
3085 5240 3270 5288 cuine
3299 5237 3382 5299 ΡΙ,
3423 5240 3588 5287 steine
3607 5240 3775 5299 potius

515 5345 665 5392 quam
700 5331 832 5378 etsin
871 5325 949 5376 P²
1177 5329 1369 5388 origine
1414 5327 1492 5374 VS
1738 5325 1791 5373 ll
1836 5327 2067 5375 homines
2104 5325 2177 5373 P⁰
2420 5326 2673 5374 diluuium
2717 5326 2759 5373 V
3037 5325 3099 5375 12
3134 5327 3406 5374 duocentoe
3443 5325 3540 5386 ΡΒ,
3581 5338 3637 5372 cc
3671 5323 3712 5370 V

513 5412 633 5482 duo]
676 5415 773 5476 ΡΒ,
813 5417 938 5464 duos
984 5415 1023 5460 V
1249 5413 1310 5462 13
1349 5427 1512 5462 annus
1549 5412 1619 5460 P‘i
1828 5412 2110 5472 colligimus
2157 5413 2232 5462 VS
2445 5410 2507 5460 14
2543 5411 2906 5460 huiuscemodo
2945 5413 2991 5459 P
3200 5412 3260 5461 ¹5
3296 5411 3396 5461 ιῐιῖὶ
3431 5411 3508 5458 vel
3542 5409 3606 5458 ὤ
3642 5407 3777 5456 HPS

508 5504 829 5563 plerumque,
881 5514 1037 5550 annos
1081 5502 1124 5549 V
1149 5501 1453 5563 plerumque,
1508 5499 1655 5547 annis
1690 5496 1735 5544 L
1765 5498 2089 5560 plerumque.-
2137 5511 2228 5545 noe
2263 5500 2318 5547 in
2354 5498 2537 5546 talibus
2574 5498 2755 5546 librum
2786 5500 3059 5558 principem
3100 5498 3192 5560 (hie
3230 5498 3285 5558 P,
3326 5497 3553 5557 deincepi
3588 5496 3654 5557 H)
3695 5508 3778 5542 a·
3827 5521 3828 5524 =

509 5591 775 5648 pressimus
1012 5587 1072 5636 17
1111 5591 1157 5633 et
1193 5585 1419 5647 deinceps
1447 5570 1550 5634 ἷιῖῐ
1582 5590 1627 5633 et
1664 5583 1760 5646 335
1793 5597 1880 5644 per
1916 5583 2258 5643 compendium
2297 5584 2343 5630 P
2576 5582 2654 5632 18.
2702 5581 2765 5632 19
2812 5581 3104 5650 malelehel]
3153 5584 3266 5632 libri
3301 5598 3415 5633 eum
3451 5582 3687 5643 Prospero
3734 5586 3780 5629 et

516 5673 722 5722 anemo
751 5674 777 5719 1
795 5688 848 5734 p.
877 5675 940 5722 79
966 5673 1076 5722 Βοὴ.
1114 5666 1431 5739 (Μαλελεήλ)
1652 5671 1713 5720 19
1750 5676 1804 5719 et
1838 5664 2038 5734 genuit]
2074 5670 2165 5729 ὀξέι
2192 5668 2229 5716 8
2437 5668 2523 5717 20.
2554 5666 2613 5717 21
2657 5668 2813 5717 enoch
2851 5682 2972 5718 enoc
3000 5670 3046 5716 P
3250 5667 3336 5718 21.
3366 5666 3431 5717 22
3468 5667 3782 5716 matheum:

516 5759 795 5808 mathusala
820 5759 874 5820 S,
918 5759 1160 5806 matusala
1184 5757 1430 5807 matusala
1465 5757 1520 5820 V,
1561 5757 1808 5806 matusala
1844 5754 2086 5803 matusala
2111 5754 2171 5815 P,
2212 5752 2297 5805 τὸν
2336 5748 2663 5805 Μαθουσάλα
2701 5754 2936 5802 Eusebius
3143 5754 3210 5804 24
3247 5750 3523 5820 diluuium]
3567 5752 3661 5814 VS,
3703 5753 3781 5800 di-

519 5845 663 5902 luuio
704 5845 749 5897 P
953 5842 1018 5905 26
1056 5839 1326 5911 sennabar]
1362 5843 1418 5903 S,
1459 5844 1733 5891 senmahar
1768 5841 1828 5903 P,
1870 5853 2081 5890 sennaar
2126 5841 2167 5886 V
2371 5839 2437 5889 28
2476 5836 2640 5905 nxxv]
2679 5841 2806 5887 lxxu
2852 5841 2893 5888 V

3283 5939 3356 5990 ¹*
