4882 6775
1130 429 1337 494 XLIV
2528 430 2986 486 PROOEMIVM.

1133 654 1357 721 Getico
1402 674 1544 720 cum
1591 652 1955 720 universum
2015 654 2256 719 bellum
2303 654 2584 739 explicet
2623 655 2708 721 ad
2752 655 3195 737 Ammianum,
3254 655 3320 719 in
3366 655 3768 740 imperatoris
3811 661 4013 719 morte
4056 634 4382 718 narranda

1133 775 1463 859 utriusque
1506 774 1786 840 auctoris
1829 775 2028 840 verba
2073 775 2543 855 contaminavit,
2597 782 2667 840 ut
2711 775 2976 841 dubium
3021 795 3166 841 esse
3211 783 3488 857 nequeat
3529 776 3704 861 apud
3751 774 4227 841 Cassiodorium
4273 792 4380 836 re-

1131 903 1355 982 pertae
1400 896 1749 962 narrationi
1778 896 2158 961 Ammianae
2201 894 2410 979 ipsum
2454 895 2724 961 alteram
2769 895 3117 962 inseruisse
3163 916 3243 961 ex
3273 895 3576 961 Romanis
3621 897 3755 961 suis
3784 895 4183 961 translatam.
4262 913 4381 958 ne-

1132 1037 1257 1101 que
1303 1016 1470 1082 enim
1518 1016 1853 1101 quisquam
1898 1016 2119 1101 opinor
2162 1016 2505 1081 contendet
2532 1015 3030 1099 Cassiodorium,
3081 1023 3152 1082 ut
3193 1017 3363 1081 hunc
3407 1017 3637 1099 locum,
3689 1017 3800 1098 qui
3832 1016 4008 1081 solus
4036 1016 4103 1079 in
4136 1014 4379 1080 Geticis

1134 1137 1538 1203 Victorianus
1582 1143 1699 1217 est,
1752 1157 1833 1201 ex
1878 1137 2033 1202 exili
2075 1136 2194 1201 illa
2238 1136 2515 1221 epitome
2559 1136 2959 1220 adsumeret,
3010 1137 3416 1202 Ammianum
3463 1137 3852 1222 seposuisse.
3945 1136 4062 1202 sed
4106 1135 4376 1200 fortasse

1134 1258 1401 1324 ulterius
1464 1257 1764 1342 progredi
1828 1276 2167 1342 possumus
2248 1264 2311 1323 et
2377 1256 2636 1321 Iordani
2703 1257 3076 1324 adiudicare
3141 1277 3582 1340 quaecumque
3647 1258 3916 1323 veniunt
3980 1278 4062 1323 ex
4127 1256 4373 1322 Orosio.

1135 1378 1542 1445 Cassiodorio
1600 1378 1770 1443 hunc
1811 1384 2133 1444 auctorem
2178 1378 2370 1444 valde
2414 1377 2770 1462 placuisse,
2837 1384 3005 1444 certe
3050 1386 3196 1444 ante
3242 1378 3715 1445 conversionem
3762 1378 3934 1460 eius,
4001 1377 4111 1441 vix
4165 1375 4383 1442 credet

1134 1500 1243 1582 qui
1286 1506 1621 1581 utrumque
1665 1498 1872 1564 novit:
1924 1498 2080 1581 quid
2123 1499 2293 1580 quod
2337 1479 2444 1564 v⁰el
2487 1504 2633 1583 post
2677 1499 3153 1566 conversionem
3199 1507 3264 1566 et
3305 1499 3391 1565 ad
3447 1500 3791 1565 monachos
3851 1498 4136 1564 scribens
4206 1496 4376 1580 (inst.

1135 1620 1268 1685 div,
1317 1620 1441 1684 litt.
1483 1622 1582 1701 17)
1639 1619 1731 1685 sic
1777 1619 1859 1684 de
1903 1638 1979 1684 eo
2025 1619 2333 1702 loquitur:
2396 1619 2692 1685 ‘Orosius
2721 1640 2970 1702 quoque
3002 1620 3503 1687 Christianorum
3549 1627 3904 1705 temporum
3949 1637 4378 1703 paganorum-

1143 1743 1302 1824 ‘que
1348 1740 1612 1805 collator
1654 1746 1911 1825 praesto
1956 1739 2141 1804 vobis
2187 1746 2320 1823 est,
2386 1740 2443 1805 si
2487 1760 2632 1806 eum
2678 1740 3006 1806 volueritis
3049 1742 3320 1825 legere’,
3387 1742 3544 1807 satis
3587 1740 3820 1824 frigide
3866 1746 4045 1824 put0.
4138 1744 4206 1804 at
4246 1739 4379 1802 Ior-

1136 1861 1288 1926 dani
1333 1860 1597 1926 Orosius
1641 1860 1984 1926 admodum
2029 1860 2271 1945 placuit
2328 1861 2564 1945 dignus
2621 1861 2735 1926 ille
2794 1861 3102 1944 magister
3158 1862 3273 1928 tali
3333 1862 3686 1946 discipulo:
3752 1881 3962 1943 neque
4021 1859 4190 1925 enim
4244 1857 4380 1922 sine

1134 2000 1366 2062 causa,
1431 1987 1502 2047 ut
1545 1982 1972 2046 Romanorum
2027 1981 2411 2066 principium
2473 1980 2812 2066 splendido
2868 1981 3124 2047 nomine
3174 1982 3510 2047 Iamblichi
3571 1982 3943 2062 exomavit,
4007 1981 4099 2045 ita
4155 1978 4382 2043 Getica

1137 2101 1434 2168 similiter
1489 2101 1557 2166 in
1617 2101 1821 2167 Orosii
1882 2102 2087 2167 tutela
2146 2101 2502 2167 collocavit.
2596 2121 2804 2183 neque
2861 2102 2931 2167 id
2989 2104 3071 2168 ab
3131 2123 3208 2168 eo
3268 2103 3624 2169 abiudicari
3680 2103 3946 2188 poterit,
4013 2122 4154 2167 cum
4212 2098 4382 2180 quod

1136 2223 1283 2305 libri
1337 2222 1586 2288 initium
1646 2221 1884 2288 diserte
1930 2223 2052 2288 sibi
2096 2222 2383 2288 vindicat
2424 2229 2558 2287 tum
2604 2221 2774 2305 quod
2822 2222 2988 2288 duae
3033 2223 3188 2289 illae
3231 2223 3637 2290 laudationes
3682 2221 4017 2288 Iamblichi
4063 2228 4128 2287 et
4171 2218 4381 2286 Orosii

1135 2344 1275 2428 pari
1320 2363 1516 2429 passu
1560 2344 1979 2427 procedentes
2026 2343 2279 2408 omnino
2325 2344 2405 2408 ab
2453 2343 2681 2409 eadem
2729 2363 2919 2408 manu
2964 2344 3250 2409 veniunt.
3342 2345 3475 2408 iam
3536 2365 3678 2410 cum
3738 2365 3818 2410 ex
3874 2343 4237 2409 auctoribus
4294 2339 4382 2404 ad

1136 2465 1426 2530 Romana
1468 2464 1775 2529 adhibitis
1821 2484 1985 2529 unus
2015 2464 2279 2530 Orosius
2325 2463 2520 2529 etiam
2566 2465 2634 2528 in
2667 2463 2909 2529 Geticis
2954 2464 3215 2548 saepius
3260 2465 3581 2550 expilatus
3625 2466 3711 2530 sit
3727 2467 3830 2548 8³),
3882 2465 3993 2547 qui
4034 2464 4188 2528 item
4221 2481 4384 2527 unus

1138 2586 1368 2652 citatur
1410 2585 1660 2651 adiecto
1714 2584 2117 2649 ‘voluminis’
2164 2605 2426 2651 numero
2483 2586 2584 2668 (G.
2636 2590 2695 2667 5,
2751 2586 2893 2666 43),
2948 2584 3230 2651 nascitur
3275 2585 3586 2670 suspicio,
3655 2606 3866 2650 annon
3911 2584 4223 2651 Orosiana
4267 2581 4384 2646 illa

1139 2706 1353 2772 omnia
1395 2705 1479 2770 ad
1522 2704 1859 2770 Iordanem
1906 2706 2266 2790 pertineant
2310 2706 2563 2787 sintque
2606 2705 2750 2790 ipsa
2791 2705 2912 2771 illa
2969 2726 3133 2789 quae
3193 2725 3312 2771 sua
3370 2705 3645 2772 dictione
3705 2706 3771 2770 in
3831 2705 4042 2771 medio
4100 2704 4387 2787 interpo-

1140 2827 1347 2892 suisse
1394 2847 1464 2892 se
1510 2825 1856 2891 contendit.
1951 2826 2101 2891 huic
2145 2826 2544 2892 coniecturae
2589 2832 2836 2892 tantum
2881 2828 3069 2893 abest
3110 2835 3180 2893 ut
3222 2827 3560 2911 quicquam
3607 2828 3836 2910 obstet,
3887 2834 3961 2892 ut
4003 2824 4381 2910 saepissime

1140 2946 1400 3012 Orosius
1445 2946 1878 3012 introducatur
1922 2952 2246 3030 tamquam
2291 2945 2530 3012 lacinia
2574 2948 2739 3013 vesti
2784 2948 3110 3033 perfectae
3155 2949 3325 3013 male
3369 2948 3604 3014 insuta.

1308 3069 1384 3132 In
1429 3087 1681 3133 summa
1723 3088 1792 3132 re
1838 3067 2202 3133 Geticorum
2246 3067 2541 3149 libellus,
2609 3073 2924 3151 quatenus
2980 3069 3047 3133 in
3101 3089 3177 3134 eo
3222 3075 3572 3135 tractantur
3616 3088 3718 3135 res
3762 3075 3961 3134 morte
4005 3066 4386 3133 Theoderici

1137 3187 1522 3271 anteriores,
1588 3208 1763 3254 mera
1819 3188 2096 3273 epitome
2141 3195 2271 3272 est,
2339 3190 2562 3254 luxata
2606 3209 2684 3255 ea
2730 3195 2795 3255 et
2836 3209 3171 3274 perversa,
3236 3190 3538 3255 historiae
3584 3189 3895 3255 Gothicae
3941 3186 4385 3256 Cassiodoria-

1137 3329 1291 3393 nae,
1344 3330 1464 3375 nec
1509 3309 1647 3375 sine
1690 3310 1864 3374 iusta
1909 3328 2139 3394 causa,
2192 3310 2366 3395 quod
2412 3311 2493 3376 de
2539 3311 2681 3397 ipsa
2723 3310 3017 3376 anecdoti
3062 3310 3572 3376 Caroliruhensis
3617 3311 3885 3396 scriptor
3927 3310 4142 3392 refert,
4194 3308 4387 3374 etiam

1136 3430 1201 3495 in
1248 3430 1540 3497 Iordanis
1600 3431 1923 3517 epitomen
1979 3433 2283 3516 quadrat,
2349 3432 2661 3516 originem
2717 3432 2928 3516 gentis
2988 3439 3052 3498 et
3106 3433 3248 3498 loca
3290 3453 3628 3515 moresque
3673 3432 3810 3497 eius
3854 3432 3945 3498 ibi
3989 3430 4381 3498 adumbrari.

1136 3551 1485 3617 foederatio
1544 3552 2120 3620 mercennariorum
2180 3563 2246 3618 et
2303 3553 2771 3637 provinciarum
2830 3554 3357 3619 Danuvianarum
3423 3574 3527 3619 res
3588 3554 4054 3619 interveniente
4113 3551 4387 3618 Iordane

1135 3673 1343 3737 locum
1391 3681 1807 3758 usurparunt,
1874 3694 2059 3757 quem
2119 3675 2292 3758 apud
2337 3673 2813 3741 Cassiodorium
2860 3675 3130 3740 obtinuit
3172 3695 3438 3759 regnum
3485 3676 3839 3740 Romanum
3898 3673 4139 3757 pariter
4192 3679 4385 3754 atque

1138 3792 1472 3858 Gothicum
1518 3794 1738 3878 magni
1767 3794 2151 3860 Theoderici
2196 3795 2465 3877 eiusque
2495 3796 2822 3861 Romanae
2868 3795 3285 3861 humanitatis
3329 3795 3667 3862 admiratio
3713 3802 3778 3861 et
3820 3794 4117 3861 imitatio:
4171 3794 4261 3858 ita
4303 3812 4386 3857 ex

1139 3914 1356 3979 multis
1402 3935 1608 4001 pauca
1652 3916 1884 3999 selegit
1940 3935 2144 3996 eaque
2201 3935 2367 3997 quae
2425 3917 2687 3982 retinuit
2742 3917 3016 3982 barbare
3074 3916 3322 3982 inflavit
3380 3924 3445 3982 et
3502 3917 3702 3981 auxit.
3799 3915 4075 3999 denique
4136 3921 4206 3980 ut
4260 3934 4386 3979 uno

1138 4035 1332 4100 verbo
1378 4035 1624 4118 dicam,
1676 4036 1940 4101 historia
1984 4036 2257 4102 Gothica
2301 4058 2341 4101 a
2387 4036 2816 4119 Cassiodorio,
2872 4044 2940 4102 ut
2981 4038 3121 4123 ipse
3164 4038 3289 4120 ait,
3342 4039 3629 4103 Romana
3673 4038 3846 4103 facta
3889 4058 4003 4121 per
4045 4035 4384 4102 Iordanem

1139 4156 1311 4222 facta
1354 4164 1453 4222 est
1495 4156 1840 4223 Moesiaca.

794 4621 1012 4661 Auctores
1041 4620 1110 4660 nsi

832 4671 1110 4713 ,maniam
1308 4624 1615 4691 Iordanes
1667 4646 1813 4691 cum
1874 4632 1942 4691 ut
1996 4626 2252 4692 infimus
2294 4632 2634 4708 ‚auctorum
2693 4627 3154 4708 Romanorum,
3216 4627 3307 4692 ita
3367 4647 3446 4691 ex
3507 4626 3747 4691 ultimis
3808 4626 3892 4690 sit
3947 4644 4165 4691 eorum
4226 4642 4386 4707 quos

1139 4747 1440 4829 antiquae
1485 4747 1681 4812 aetati
1726 4747 2092 4813 adscribere
2139 4748 2443 4829 solemus,
2495 4746 2694 4812 alium
2741 4746 3113 4832 scriptorem
3160 4747 3270 4831 qui
3305 4748 3532 4813 eadem
3564 4753 3776 4812 aetate
3808 4747 4065 4812 libellos
4095 4745 4235 4812 eius
4264 4742 4383 4809 ad-

825 4861 1112 4956 ijgssgffig
1139 4868 1419 4934 hibuerit
1459 4870 1706 4934 nullum
1751 4870 2065 4934 habemus
2087 4871 2188 4953 8⁴).
2284 4869 2662 4933 SECVNDVM
2691 4868 3132 4934 Tridentinum
3179 4868 3574 4953 episcopum,
3627 4867 3736 4950 qui
3781 4876 3967 4951 gesta
4011 4865 4390 4949 Langobar-

1143 4990 1365 5055 dorum
1424 4989 1679 5074 scripsit
1721 5010 1774 5054 c.
1826 5011 1886 5054 a.
1941 4992 2099 5072 612,
2168 4994 2280 5055 aut
2323 4990 2533 5073 ipsam
2579 4989 2966 5056 cassiodorii
3011 4988 3347 5055 Gothicam
3404 4988 3731 5054 historiam
3785 4997 3898 5055 aut
3939 4987 4384 5054 Iordanianam

1142 5110 1484 5194 epitomam
1543 5110 1952 5192 aliquatenus
1996 5119 2282 5177 secutum
2329 5130 2473 5176 esse
2519 5118 2583 5176 et
2624 5111 2940 5177 imitatum
2984 5111 3112 5176 alio
3157 5111 3296 5176 loco
3342 5110 3584 5177 conieci
3637 5113 3852 5193 (Neues
3899 5110 4122 5174 Archiv
4167 5108 4293 5173 vol.
4345 5112 4384 5169 5

1141 5251 1203 5295 a.
1247 5232 1409 5296 1880
1456 5252 1521 5315 p.
1561 5232 1701 5315 75);
1755 5232 1872 5297 sed
1917 5232 2104 5297 exilis
2148 5238 2472 5315 gestorum
2516 5231 2772 5298 illorum
2799 5252 2984 5315 ¹quae
3031 5238 3323 5317 superest
3366 5231 3591 5296 notitia
3636 5239 3706 5298 ut
3748 5233 3918 5297 ultra
3962 5229 4386 5296 coniecturam

1316 5579 1397 5642 83)
1442 5582 1604 5630 Pauca
1640 5593 1768 5641 quae
1803 5593 1952 5642 supra
1987 5594 2038 5641 p.
2080 5579 2250 5628 XXVI
2287 5581 2398 5629 dixi
2435 5582 2491 5629 in
2528 5581 2719 5629 Geticis
2756 5581 2964 5642 reperiri
3002 5584 3233 5642 excerpta
3270 5595 3332 5629 ex
3370 5578 3596 5628 chronico
3633 5580 4044 5639 metonymiam,
4099 5584 4157 5626 ut
4197 5593 4225 5625 a
4263 5579 4389 5627 Cas-

1144 5667 1354 5716 siodorio
1389 5668 1750 5726 abiudicemus,
1791 5681 1992 5715 causam
2028 5668 2220 5715 nullam
2257 5682 2367 5716 esse
2404 5669 2478 5716 ibi
2510 5669 2785 5717 observavi.

1323 5752 1406 5815 84)
1448 5753 1741 5813 Gregorium
1778 5754 2120 5802 Turonensem
2157 5769 2253 5803 non
2292 5769 2440 5804 usum
2478 5769 2591 5804 esse
2625 5756 2825 5805 Iordani
2862 5756 3046 5804 libellis
3082 5756 3134 5802 in
3173 5754 3477 5815 praefatione
3514 5768 3565 5815 p.
3609 5753 3830 5800 xxxvl
3867 5753 4225 5813 explicuimus.
