4882 6775
1117 484 1239 544 146

1114 674 1336 734 Agrippa
1372 670 1436 720 76
1466 682 1513 721 4.

1113 741 1413 801 Agrivulfus
1458 742 1736 802 praefectus
1785 741 1963 790 Suavis
2008 742 2282 803 Hispaniae
2327 757 2376 789 a.
2419 744 2711 790 156—457.

1187 809 1278 858 117
1304 819 1380 859 10.
1398 837 1465 846 -
1484 810 1566 869 Cf.
1592 812 1794 859 Idacius
1813 826 1861 859 a.
1887 812 1985 858 457
2007 826 2021 855 .-
2051 811 2255 859 Aiulfus
2275 811 2511 857 deserens
2531 810 2717 858 Gothos

1181 880 1235 925 in
1275 879 1524 928 Gallaecia
1559 881 1763 930 residet.
1806 879 1960 927 Dahn
2000 879 2128 929 Κόπ.
2169 879 2199 926 6
2233 893 2285 938 p.
2331 877 2450 927 564.

1112 949 1242 994 Aiax
1282 947 1346 995 70
1378 956 1457 996 10.

1110 1016 1466 1064 Aithanaricus
1516 1032 1599 1064 rex
1658 1017 2026 1077 Veseyotharum
2077 1014 2132 1079 (†
2169 1016 2287 1075 381)
2342 1016 2520 1064 9515.
2570 1016 2633 1064 96
2664 1026 2709 1064 3.

1112 1086 1563 1133 Aianoviiamnthis
1601 1086 1830 1134 Iordanis
1862 1092 2004 1146 pater
2053 1085 2148 1134 126
2177 1094 2257 1134 21.
2338 1084 2506 1141 ‘Quod
2552 1084 2715 1132 editur

1181 1168 1341 1201 unum
1375 1157 1667 1203 continuum
1702 1170 1900 1214 nomen,
1939 1157 2007 1202 sie
2042 1159 2097 1201 ut
2134 1158 2186 1201 in
2217 1154 2461 1214 prioribus
2484 1154 2712 1200 editioni-

1182 1222 1270 1270 bus
1314 1224 1756 1283 AlanovamuthiS,
1810 1223 1934 1283 ferri
1969 1237 2069 1269 non
2112 1227 2288 1284 potest.
2353 1226 2501 1269 immo
2536 1223 2712 1269 distin-

1180 1291 1362 1351 9uendi
1414 1298 1531 1339 sunt
1582 1293 1681 1339 duo
1736 1295 1943 1351 yenetivi
1998 1293 2225 1339 Alanovii
2279 1297 2322 1338 et
2376 1292 2615 1339 Amuthis
2669 1296 2713 1337 et

1180 1361 1357 1408 dicitur
1410 1361 1633 1421 candae,
1688 1365 1768 1423 qui
1814 1363 1975 1409 Scires
2020 1366 2067 1408 et
2115 1360 2419 1419 Sadayarios
2467 1365 2512 1406 et
2560 1364 2712 1406 certos

1182 1430 1456 1476 Alanorum
1504 1432 1559 1477 in
1607 1430 1855 1491 Scythiam
1900 1433 2137 1477 minorem
2181 1429 2590 1490 (Dobrudscham)
2632 1432 2710 1475 in-

1179 1497 1501 1559 ferioremque
1540 1498 1772 1547 Moesiam
1807 1499 2107 1559 traduxerat,
2150 1499 2441 1555 Alanovius,
2483 1498 2528 1545 h.
2571 1512 2613 1545 e.
2654 1496 2712 1543 de

1180 1568 1454 1614 Atanorum
1489 1581 1687 1626 venere,
1728 1567 1965 1615 adieetivo
2001 1567 2133 1627 apud
2167 1570 2291 1614 alios
2330 1567 2522 1627 quidem
2557 1570 2711 1625 scrip-

1178 1640 1301 1682 tores
1336 1638 1533 1700 iqnoto,
1574 1637 1655 1683 sed
1700 1637 1765 1683 ad
1801 1637 2073 1698 exemplum
2108 1638 2254 1696 plane
2290 1636 2545 1682 Slavicum
2581 1636 2707 1695 ficta.

1178 1704 1418 1751 eiusmodi
1452 1710 1617 1752 autem
1652 1705 1891 1753 vocabula
1914 1710 1972 1753 ut
2008 1722 2037 1751 a
2075 1705 2382 1753 Rumunensi
2418 1707 2594 1762 linqua
2632 1704 2712 1749 ho-

1177 1771 1352 1821 dierna
1372 1788 1475 1819 non
1493 1774 1765 1833 abhorrent,
1795 1778 1864 1821 ita
1888 1790 1919 1820 a
1945 1776 2191 1821 latinitate
2215 1776 2411 1833 ripensi,
2447 1788 2543 1833 qua
2565 1775 2709 1819 etiam

1177 1843 1498 1900 eleyantiores
1516 1843 1732 1890 homines
1750 1848 1805 1889 ut
1822 1847 2160 1901 ayrammatus
2173 1847 2335 1889 noster
2353 1843 2586 1889 Iordanes
2605 1846 2712 1887 ute-

1180 1911 1376 1970 bantur,
1407 1911 1535 1957 haud
1561 1914 1724 1959 aliena
1749 1911 1904 1970 fuisse
1926 1910 2173 1972 probabile
2198 1916 2281 1959 est.
2332 1909 2522 1957 Amuth
2548 1915 2711 1957 autem

1179 1992 1357 2026 nomen
1386 1983 1547 2039 patris
1582 1984 1712 2039 eius,
1765 1982 2001 2042 siquidem
2047 1994 2155 2027 vere
2196 1981 2544 2027 Germanicum
2586 1978 2707 2038 fuit,

1179 2061 1279 2094 non
1323 2050 1537 2096 multum
1584 2049 1797 2097 distabat
1833 2065 1861 2094 a
1902 2048 2071 2097 Getico
2111 2050 2376 2108 participio
2418 2046 2710 2107 gahamfiths

1177 2113 1531 2183 ἐνδυσάμενος,
1573 2118 1776 2164 indutus
1810 2120 1991 2165 seilicet
2014 2122 2140 2163 veste
2164 2118 2352 2178 bellica,
2390 2121 2447 2162 ut
2475 2117 2712 2163 Chamavi

1177 2191 1221 2231 et
1275 2189 1359 2246 qui
1423 2186 1678 2234 Theodisce
1740 2188 1918 2234 Hamid
1970 2189 2047 2233 vel
2102 2186 2281 2233 Hemid
2336 2186 2708 2245 appellabatur;

1176 2256 1351 2313 poterit
1384 2259 1531 2303 etiam
1577 2256 1740 2303 eodem
1774 2256 1917 2303 modo
1961 2262 2107 2316 atque
2145 2254 2446 2301 Saxonicum
2483 2254 2710 2301 Hamuko

1179 2322 1457 2383 explicari'.
1522 2325 1941 2373 Musnnsxnom’.
2021 2324 2207 2372 Latina
2242 2325 2416 2383 linqua
2461 2327 2574 2369 utut
2609 2336 2712 2370 cor-

1177 2398 1326 2452 rupta
1361 2396 1419 2440 ab
1457 2396 1608 2442 Alani
1653 2394 1889 2441 vocabum
1936 2393 2177 2440 ethnicum
2213 2394 2449 2440 Alanovii
2498 2393 2711 2452 formare

1177 2474 1281 2509 non
1312 2466 1493 2523 potuit.
1567 2463 1866 2511 vocabulum
1901 2466 1958 2508 ut
1995 2464 2154 2521 ipsum
2190 2462 2354 2523 aliqua
2390 2462 2554 2507 littera
2579 2474 2711 2506 men-

1178 2529 1353 2578 dosum
1388 2535 1469 2593 sit,
1511 2534 1614 2578 aine
1650 2527 1991 2578 dubiounum
2028 2536 2095 2577 est
2134 2535 2176 2577 et
2214 2532 2285 2576 ita
2322 2529 2426 2587 fere
2472 2532 2709 2589 interpre-

1178 2601 1404 2661 tandum,
1444 2605 1501 2647 ut
1538 2603 1882 2660 interpretatus
1917 2613 2027 2647 sum
2060 2598 2225 2659 praef.
2262 2614 2314 2658 p.
2359 2599 2449 2648 vl.

1109 2668 1335 2716 Alaricus
1371 2686 1417 2716 v.
1460 2670 1741 2716 Halaricus.

1109 2737 1354 2787 Alatheus
1401 2740 1598 2797 reyulus
1645 2738 2019 2797 Veseyotharum
2055 2736 2119 2783 93
2150 2745 2196 2784 3.
2237 2736 2302 2783 95
2334 2746 2354 2783 7
2413 2737 2497 2797 (cf.
2541 2735 2704 2794 adn.).

1111 2806 1341 2855 Alathort
1374 2806 1441 2853 46
1470 2814 1552 2855 22.
1598 2833 1668 2842 -
1714 2807 1795 2867 Cf.
1838 2807 2076 2852 Iohannes
2114 2805 2441 2852 Antiochenus
2485 2806 2711 2864 (Hermae

1178 2878 1273 2924 vol.
1316 2875 1347 2922 6
1381 2891 1429 2935 p.
1461 2874 1613 2936 346):
1658 2871 1957 2928 Βιταλιανὸς
1996 2913 2041 2925 ..
2063 2913 2073 2925 .
2103 2871 2221 2928 τοὺς
2258 2870 2476 2928 ἁλόντας
2514 2870 2709 2939 ἀφῆκεν

1175 2942 1262 2993 καὶ
1295 2942 1381 2993 τόν
1417 2960 1471 2992 τε
1509 2935 1736 3009 Ἀλαθάρ
1773 2940 2165 3008 ἀπελυτρώσατο
2202 2941 2287 2991 καὶ
2325 2934 2588 3010 ‘Aci-fama.

1111 3014 1329 3060 Albinus
1365 3015 1482 3072 imp.
1524 3030 1573 3061 v.
1609 3030 1662 3074 p.
1710 3012 1804 3060 140
1843 3014 2102 3060 Balbinus.

1109 3080 1394 3129 Alexander
1431 3083 1548 3141 imp.
1590 3097 1637 3130 v.
1677 3098 1729 3142 p.
1778 3081 1891 3129 140.

1109 3151 1394 3198 Alexander
1419 3164 1629 3210 magnus
1672 3151 1690 3197 1
1727 3160 1802 3199 19.
1846 3150 1977 3198 825.
2007 3158 2087 3200 23.
2131 3148 2193 3195 67
2229 3157 2306 3197 10.
2351 3149 2493 3207 7οκ2.
2535 3146 2703 3196 7210.

1178 3219 1241 3268 88
1272 3228 1318 3268 7.
1362 3220 1650 3267 Alexander
1689 3220 1750 3267 73
1785 3228 1862 3267 10.

1109 3289 1394 3336 Alexander
1428 3305 1476 3336 v.
1522 3290 1785 3337 [annaeus.

1107 3357 1392 3406 Alexander
1429 3358 1598 3405 Salina
1634 3357 1665 3405 9
1698 3366 1777 3406 19.

1106 3428 1317 3474 Altadus
1364 3428 1509 3487 (-das)
1554 3428 1584 3474 5
1614 3438 1661 3477 3.

1106 3497 1247 3543 Amal
1290 3496 1457 3542 Amuli
1492 3513 1542 3544 v.
1579 3511 1630 3556 p.
1679 3496 1791 3554 143,
1834 3494 1885 3543 4.

1103 3565 1430 3623 Amalsberga
1467 3566 1633 3612 Amata·
1668 3581 1714 3612 v.
1755 3582 1807 3625 p.
1855 3563 1968 3624 144,
2011 3564 2094 3612 35.

1109 3635 1412 3681 Amalasrida
1452 3635 1619 3681 Amuli
1656 3651 1701 3680 v.
1739 3648 1792 3693 p.
1843 3633 1956 3694 144,
1996 3632 2077 3680 28.

1105 3704 1414 3750 Amalaricus
1453 3703 1617 3750 Amali
1654 3720 1699 3749 υ.
1740 3718 1791 3762 p.
1838 3702 1951 3758 144,
1994 3702 2077 3750 37.

1103 3771 1498 3819 Amalasnentha
1539 3773 1709 3817 Amali
1745 3789 1791 3819 v.
1832 3787 1882 3830 p.
1932 3770 2045 3832 144,
2089 3769 2171 3817 33.

1106 3841 1272 3887 Amali
1310 3856 1359 3889 v.
1397 3855 1451 3899 p.
1498 3839 1611 3890 143.

1104 3910 1374 3956 Amantius
1412 3908 1473 3956 47
1508 3919 1553 3957 5.
1587 3919 1631 3958 0.
1666 3918 1688 3956 7
1722 3910 1811 3957 bis.

1105 3979 1338 4025 Ambram
1379 3978 1407 4024 5
1439 3987 1486 4026 8.

1107 4048 1279 4094 Ambri
1318 4046 1349 4094 6
1380 4055 1461 4097 19.

1107 4117 1340 4162 Amesias
1378 4115 1409 4163 6
1438 4123 1520 4164 23.

1107 4186 1334 4232 Ammius
1372 4184 1678 4232 Rosomonus
1714 4182 1771 4231 91
1811 4193 1891 4232 17.
1953 4183 2032 4244 (Ἰ.
2078 4184 2246 4231 Serus.

1107 4256 1316 4301 Ammon
1357 4252 1383 4299 7
1416 4262 1496 4302 23.

1110 4323 1348 4370 Amulius
1388 4321 1415 4368 7
1447 4330 1493 4370 2.
1542 4323 1601 4371 10
1634 4331 1711 4370 11.
1748 4331 1826 4369 16.

1110 4394 1350 4449 Amyntas
1389 4390 1418 4438 5
1452 4400 1530 4440 10.

1108 4462 1409 4507 Anastasius
1447 4462 1563 4519 imp.
1604 4477 1651 4508 v.
1688 4474 1743 4519 p.
1790 4459 1903 4507 141.

1109 4531 1280 4576 Ancus
1316 4529 1532 4576 Marcius
1577 4527 1634 4577 12
1668 4535 1745 4576 12.
1821 4529 1993 4574 Ancus
2035 4527 2093 4574 13
2125 4535 2205 4573 31.

1110 4598 1318 4656 Andays
1373 4599 1503 4659 (qen.
1560 4599 1780 4656 Andagis
1827 4600 1903 4642 vel
1951 4595 2197 4655 Andages)
2253 4596 2460 4642 Amalus
2502 4593 2585 4643 111
2625 4601 2704 4644 22.

1182 4666 1277 4714 126
1307 4674 1387 4715 23.
1468 4666 1549 4726 Cf.
1591 4667 1877 4715 Gadaricus.

1107 4737 1301 4783 Andela
1337 4737 1548 4782 Amalus
1590 4735 1685 4784 126
1716 4743 1795 4787 24.

1107 4806 1330 4852 Andreas
1368 4805 1429 4852 47
1462 4815 1506 4852 5.
1541 4815 1589 4855 0.

1106 4875 1401 4921 Aniciorum
1451 4888 1612 4932 genus
1665 4874 1869 4922 13817.
1949 4873 2201 4930 Quaenam
2253 4871 2505 4930 parentela
2559 4872 2709 4916 inter-

1176 4947 1365 4989 cesserit
1403 4946 1528 4990 inter
1563 4943 1872 5003 splendidam
1906 4956 1963 4987 ea
1999 4945 2157 4989 aetate
2195 4944 2386 4998 yentem
2424 4941 2711 4985 Aniciorum

1185 5011 1270 5070 (es.
1316 5012 1654 5059 Censsiodorius
1690 5027 1794 5059 var.
1833 5010 1909 5070 10,
1946 5008 2033 5058 11:
2089 5011 2291 5056 Anicios
2329 5022 2487 5070 paene
2522 5008 2709 5068 princi-

1176 5082 1326 5141 pibus
1365 5095 1506 5141 pares
1542 5087 1678 5128 aetas
1716 5082 1877 5142 prisca
1914 5080 2196 5140 progenuit)
2242 5083 2285 5126 et
2322 5079 2522 5124 domum
2557 5078 2710 5123 Iusti-

1174 5152 1335 5207 niani,
1376 5153 1419 5196 si
1453 5153 1694 5197 mittimus
1730 5149 1965 5209 fabiam,
2005 5162 2111 5195 vere
2148 5147 2307 5195 adhue
2344 5150 2480 5193 latet.
2556 5147 2708 5192 Iusti—

1175 5220 1384 5265 nianum
1433 5221 1773 5278 imperatorem
1815 5232 1917 5265 non
1970 5217 2198 5264 Anicium
2248 5216 2402 5274 fuisse
2449 5217 2549 5261 iam
2597 5229 2712 5261 con-

1177 5291 1302 5345 stat,
1350 5292 1611 5347 postquam
1658 5301 1713 5333 ez·
1761 5286 1982 5347 diptycho
2030 5287 2084 5334 O.
2142 5288 2185 5334 I.
2229 5283 2285 5332 L.
2350 5285 2410 5344 V,
2461 5282 2624 5346 8120,
2679 5283 2708 5330 3

1178 5357 1475 5403 intellectum
1519 5361 1587 5403 est
1634 5371 1744 5404 eum
1788 5357 1933 5416 plene
1982 5356 2285 5414 appellatum
2333 5367 2432 5399 ease
2482 5353 2707 5399 Flavium

1178 5425 1376 5471 Petrum
1408 5425 1694 5472 sabbatium
1724 5425 2081 5472 lastinianum.
2158 5424 2406 5481 Germani,
2439 5423 2709 5468 Iustiniani

1177 5493 1351 5552 fratris
1385 5495 1497 5553 lilii,
1533 5499 1796 5553 parentum
1831 5508 1943 5540 cum
1989 5494 2191 5538 nomina
2238 5495 2554 5549 iynorentur,
2606 5492 2710 5552 fieri

1172 5568 1359 5621 potest,
1408 5568 1465 5610 ut
1500 5570 1655 5610 mater
1692 5565 1869 5610 Anicia
1907 5561 2057 5620 suerit
2092 5562 2167 5607 vel
2203 5560 2267 5606 ad
2305 5561 2505 5606 Anicio-3
2541 5563 2709 5620 aliqua

1176 5635 1365 5677 ratione
1410 5634 1727 5692 pertinuerit,
1784 5633 1888 5691 filia
1942 5630 2151 5688 fortasse
2201 5632 2405 5676 Aniciae
2464 5631 2705 5688 Iulianae,

1179 5714 1327 5759 quam
1385 5707 1657 5759 yenuerunt
1720 5705 1981 5760 imperator
2046 5699 2319 5745 Occidentis
2380 5699 2606 5758 Olybrius
2667 5704 2710 5744 et

1178 5768 1402 5816 Placidia
1439 5771 1543 5830 filia
1592 5772 1924 5818 Valentiniani
1968 5769 2061 5817 ΙΙΙ.

2290 481 2333 535 I.
2378 482 2614 536 INDEX
2651 480 3179 535 PERSONARVM.

2770 674 2989 721 Annibal
3025 688 3074 720 υ.
3117 673 3390 719 Hannibal.

2768 743 2944 789 Ansila
2982 742 3187 788 Amalus
3221 758 3269 787 υ.
3308 755 3358 800 p.
3407 739 3519 799 143,
3565 740 3649 788 11.

2771 813 2920 858 Ansis
2961 810 3023 859 76
3058 820 3134 858 13.
3202 810 3459 856 ‘Proceres
3496 823 3639 867 suos,
3696 808 3930 857 Iordanes
3966 812 4067 867 ait,
4119 807 4365 855 semideos

2835 879 2886 926 id
2925 885 3002 927 est
3036 879 3191 926 Ansis
3228 879 3486 927 vocabant.
3560 877 3725 925 eodem
3770 876 4009 924 vocabulo
4057 890 4151 938 quo
4191 875 4366 923 North-

2834 951 3008 994 manni
3045 961 3257 993 summos
3293 947 3407 993 deos
3454 948 3591 1005 arsit,
3647 947 4020 1005 Anylosaxones
4056 946 4109 992 es
4146 947 4365 1005 appella-

2835 1019 3011 1076 verint,
3054 1014 3233 1062 Gothos
3270 1030 3346 1062 eos
3371 1018 3536 1063 auseis
3561 1018 3805 1063 vocavisse
3840 1018 4098 1062 rectissime
4132 1014 4367 1061 iudicavit

2836 1085 3042 1131 Iacobus
3085 1084 3391 1131 Grimmius’.
3468 1084 3885 1132 Musnnsxnorr.

2766 1154 3069 1201 Anthemius
3106 1156 3223 1213 imp.
3263 1169 3310 1203 υ.
3348 1169 3400 1213 p.
3449 1153 3561 1202 143.

2767 1223 3045 1269 Antiochus
3082 1221 3112 1270 9
3143 1231 3268 1271 6.·8.
3346 1221 3622 1269 Anthiocus
3660 1220 3691 1268 9
3721 1232 3765 1270 4.
3800 1230 3846 1269 0.
3912 1220 3977 1268 29
4006 1228 4086 1268 22.
4121 1228 4204 1268 20.

2834 1291 3065 1337 thiochus
3102 1289 3166 1337 29
3194 1298 3240 1342 2.

2766 1361 3185 1420 Antoni(ni)anus
3223 1359 3286 1407 36
3317 1368 3363 1410 7.

2765 1429 3051 1475 Antoninus
3088 1431 3206 1489 imp.
3247 1444 3296 1475 v.
3334 1444 3385 1487 p.
3433 1426 3544 1477 139.
3593 1427 3706 1477 140.

2763 1498 2829 1545 Μ.
2872 1499 3124 1545 Antonius
3172 1496 3230 1545 31
3267 1504 3348 1545 21.
3424 1498 3678 1544 Antonius
3717 1496 3748 1544 9
3777 1504 3856 1545 25.
3899 1496 3963 1543 30
3993 1506 4038 1549 7.
4083 1495 4146 1545 32
4175 1505 4254 1545 29.
4299 1497 4363 1545 33

2840 1574 2883 1615 1.
2914 1575 2961 1614 4.
2997 1577 3041 1613 6.
3080 1575 3157 1614 11.

2767 1636 2986 1693 Antyrus
3022 1649 3106 1681 rea:
3143 1635 3409 1682 Gothorum
3445 1633 3508 1681 72
3543 1644 3585 1685 1.
3642 1634 3780 1680 Idem
3815 1639 3886 1682 est
3911 1636 4155 1696 Iamtyrus
4185 1636 4366 1682 Iustini

2833 1702 2898 1750 ibi
2944 1704 3172 1763 alleyati,
3224 1695 3541 1768 Ἰδάνθυρσος
3581 1702 3813 1750 Herodoti
3847 1703 3896 1764 4,
3939 1703 4002 1751 76
4038 1705 4359 1764 aliorumque.

2839 1772 2918 1830 Cf.
2967 1772 3253 1819 Gutschmid
3299 1775 3351 1818 in
3385 1787 3503 1820 ann.
3553 1772 3710 1820 Iahnii
3744 1773 3838 1821 vol.
3882 1774 4044 1832 suppl.
4086 1771 4115 1819 2
4150 1789 4202 1832 p.
4253 1772 4362 1819 197.

2767 1841 2871 1888 Aod
2911 1842 2939 1887 5
2969 1848 3049 1889 20.
3084 1848 3166 1889 21.
3199 1848 3279 1889 22.

2763 1910 2972 1957 Aoricus
3010 1924 3092 1956 rex
3127 1909 3391 1956 Gothorum
3429 1909 3490 1955 9⁴7
3522 1918 3568 1958 7.

2767 1981 2898 2039 Aper
2934 1977 3226 2027 3811.14.

2766 2049 2952 2107 Apion:
2995 2048 3193 2109 Appion
3232 2047 3296 2094 30
3328 2056 3373 2095 5.

2763 2117 2957 2177 Appius
2994 2115 3058 2164 25
3089 2125 3168 2163 31.

2765 2186 2948 2245 Aquila
2985 2186 3221 2232 Ponticus
3258 2186 3321 2231 35
3357 2194 3432 2233 12.

2764 2254 2960 2301 Aralius
2997 2254 3026 2300 4
3057 2261 3139 2303 32.

2764 2324 2978 2370 Arbaees
3019 2322 3041 2369 l
3079 2331 3156 2370 16.
3198 2322 3230 2370 4
3261 2330 3343 2373 23.
3384 2323 3416 2370 6
3445 2330 3525 2371 29.
3559 2330 3640 2371 30.

2767 2393 3063 2451 Arbogastes
3103 2393 3222 2453 (acc.
3265 2393 3575 2451 Arbogasten
3613 2391 3678 2439 40
3706 2390 3790 2450 32)
3832 2390 3898 2438 40
3928 2398 4011 2439 32.
4043 2400 4125 2439 33.
4159 2400 4240 2439 35.

2767 2460 3007 2507 Arcadius
3045 2462 3163 2522 imp.
3203 2477 3253 2510 υ.
3291 2475 3344 2520 p.
3390 2459 3504 2508 140.

2765 2529 3034 2576 Archelaus
3073 2527 3138 2577 29
3172 2537 3249 2577 14.
3291 2528 3355 2577 33
3386 2536 3467 2578 20.

2763 2597 3091 2645 Archimedes
3129 2596 3192 2644 25
3224 2605 3271 2645 2.

2765 2668 3046 2715 Ardabures
3083 2669 3260 2714 consul
3294 2682 3344 2714 a.
3385 2668 3484 2714 427
3535 2666 3621 2714 101
3664 2675 3740 2716 16.

2762 2737 3050 2783 Ardabures
3087 2737 3295 2796 Asparis
3332 2736 3368 2786 f.
3419 2737 3591 2782 consul
3625 2751 3673 2784 a.
3716 2738 3814 2783 447
3853 2733 3917 2783 42
3951 2744 4029 2784 10.
4071 2734 4136 2782 43
4164 2742 4245 2783 22.
4279 2742 4359 2783 20.

2837 2803 2931 2852 119
2961 2814 3006 2852 s.

2765 2874 3041 2920 Ardabures
3077 2873 3405 2920 cubicularius
3443 2872 3504 2920 47
3538 2884 3582 2919 0.
3619 2881 3665 2921 7.

2765 2942 3026 2991 Ardericus
3080 2941 3400 3002 (Ardarichus
3443 2940 3645 3001 12510)
3700 2955 3783 2988 rea:
3834 2940 4140 3001 Gepidarum
4187 2942 4251 2990 42
4282 2950 4364 2991 23.

2838 3010 2930 3058 109
2960 3019 3040 3058 21.
3101 3009 3274 3058 1101.
3321 3009 3640 3059 1251025.
3687 3009 3782 3059 126
3812 3020 3858 3061 3.
3938 3011 4018 3056 Act
4054 3011 4182 3058 hunc
4229 3012 4370 3058 Vate-

2830 3082 2931 3125 sius
2966 3080 3153 3126 rettulit
3189 3094 3304 3141 quos
3341 3081 3416 3125 lex
3442 3080 3860 3139 Buryundionum
3885 3082 3961 3126 tit.
3997 3078 4090 3127 107
4130 3096 4172 3131 c.
4203 3080 4236 3127 6
4270 3094 4368 3126 no-

2828 3151 2985 3195 minat
3023 3151 3148 3194 inter
3182 3148 3447 3195 solidorum
3482 3152 3741 3196 vetitorum
3781 3153 4012 3210 quattuor
4060 3151 4236 3208 species
4285 3164 4366 3195 ar-

2831 3217 3103 3264 daricianos
3145 3217 3276 3277 (libri
3299 3219 3704 3265 ardaricaeannos
3729 3220 3804 3265 vel
3829 3218 4161 3278 adaricianus)
4187 3232 4370 3277 parum

2826 3286 3159 3346 probabiliter.

2763 3355 3043 3403 Areobinda
3089 3369 3225 3414 may.
3278 3356 3384 3404 mil.
3437 3369 3525 3415 per
3568 3354 3792 3415 Africam
3837 3354 3892 3404 51
3935 3364 4013 3405 19.

2835 3425 3008 3473 tharic.

2763 3493 3010 3540 Artaxath
3047 3492 3077 3540 4
3111 3501 3155 3542 1.

2765 3563 3035 3621 Argaithus
3055 3560 3158 3608 dux
3180 3560 3449 3608 Gothorum
3470 3561 3556 3608 sub
3575 3575 3684 3622 reye
3710 3562 4002 3621 Ostroyotha
4022 3563 4078 3611 81
4108 3573 4187 3613 10.
4232 3563 4368 3610 Idem

2829 3631 3046 3678 creditur
3077 3630 3409 3677 Gutschmidio
3444 3645 3495 3688 p.
3542 3629 3637 3678 146
3677 3633 3920 3689 Arguntis
3949 3632 4241 3690 Scytharum
4279 3647 4365 3679 rex

2832 3704 3100 3759 imperante
3124 3699 3374 3745 Gordiano
3404 3700 3484 3744 111
3519 3704 3634 3746 teste
3668 3701 3928 3758 bioyrapho
3953 3704 4055 3747 eius
4081 3716 4123 3749 e.
4157 3701 4216 3749 31
4246 3703 4366 3761 lines

2831 3769 3079 3816 Romanoa
3123 3771 3384 3827 inqressus.
3455 3768 3750 3828 ‘Argaithus
3801 3783 3971 3816 verum
4016 3785 4116 3817 esse
4163 3785 4363 3828 nomen,

2831 3839 2964 3894 Argu
2974 3840 3072 3884 ntis
3109 3837 3222 3884 inde
3247 3837 3508 3893 detortum,
3549 3837 3683 3884 docet
3711 3837 4070 3897 Lanyobardus
4095 3841 4269 3898 Argait
4291 3841 4369 3884 vel

2831 3907 3012 3965 Argeid
3049 3905 3183 3965 apud
3223 3905 3436 3952 Paulum
3475 3906 3524 3963 6,
3566 3905 3630 3955 24
3647 3908 3674 3956 ’.
3747 3907 4169 3957 Mummmsuorr.

2763 3976 2980 4033 Ariagne
3016 3977 3132 4035 imp.
3174 3991 3222 4020 v.
3259 3989 3313 4034 p.
3362 3973 3473 4025 141.

2765 4045 2972 4090 Ariani:
3012 4045 3210 4090 Arriani
3250 4041 3313 4088 39
3342 4050 3423 4095 20.
3465 4042 3528 4090 92
3563 4053 3638 4092 13.
3676 4053 3754 4096 10,

2765 4113 3016 4159 Ariaricus
3052 4127 3134 4160 rea:
3177 4112 3440 4159 Gothorum
3471 4112 3532 4159 87
3566 4122 3614 4161 7.
3651 4139 3722 4148 ·—-
3761 4113 3842 4172 Cf.
3886 4116 4180 4175 Anonymus
4227 4115 4368 4162 Vale-

2830 4184 3004 4228 sianus
3040 4182 3133 4229 31:
3193 4183 3586 4242 (Constantinus)
3641 4184 3904 4229 adversum
3942 4183 4127 4230 Gothos
4179 4186 4366 4232 bellum

2832 4252 3056 4310 suscepit
3102 4255 3151 4297 et
3198 4251 3580 4309 implorantibus
3630 4253 3869 4298 Sarmatis
3916 4253 4167 4299 auxilium
4215 4254 4362 4300 tulit:

2832 4321 2900 4366 ita
2936 4334 3025 4380 per
3063 4320 3445 4366 Constantinum
3484 4319 3744 4368 Caesarem
3783 4321 3821 4368 C
3858 4334 4010 4381 prope
4050 4322 4191 4370 milia
4239 4325 4366 4369 same

2832 4394 2884 4435 et
2931 4389 3112 4445 frigore
3161 4389 3387 4434 extincta
3433 4394 3583 4435 sunt:
3639 4394 3761 4437 tunc
3807 4393 3860 4436 et
3906 4391 4105 4437 obsides
4154 4393 4361 4452 accepit,

2834 4459 2965 4503 inter
3002 4471 3126 4517 quos
3164 4462 3216 4504 et
3243 4457 3455 4503 Ariarici
3494 4459 3623 4516 regis
3665 4460 3839 4506 fllium.
3905 4458 4033 4505 idem
4068 4473 4367 4508 nomennu-

2831 4540 2918 4585 per
2952 4529 3154 4572 coniecit
3189 4525 3557 4573 Gutschmidius
3604 4525 3761 4585 fuisse
3799 4529 3852 4574 in
3888 4529 4030 4574 titulo
4076 4531 4131 4576 in
4167 4529 4366 4589 Scythia

2831 4598 3019 4643 minore
3044 4597 3243 4641 invento
3274 4595 3329 4642 C.
3362 4596 3406 4642 Ι.
3439 4594 3496 4643 L.
3538 4598 3635 4643 vol.
3668 4597 3758 4641 111
3779 4610 3829 4643 n.
3862 4596 3997 4644 6159
4033 4599 4101 4644 sie
4136 4610 4250 4644 eum
4284 4613 4364 4644 er-

2828 4666 3004 4724 plens:
3055 4659 3192 4726 [cum
3243 4677 3356 4720 rege
3396 4660 3633 4728 Aris]rico
3683 4666 3826 4711 victis
3875 4668 4228 4727 superatisque
4265 4668 4363 4714 Gn-

2832 4734 2952 4781 this.
3307 4749 3314 4762 ·

2767 4787 2911 4849 A'rias
2949 4802 2978 4848 4
3008 4810 3089 4850 31.

2767 4871 3148 4917 Ariobarzanes.-
3188 4871 3606 4917 Acuriobarzanes
3643 4869 3708 4917 29
3743 4880 3816 4919 12.

2765 4941 3074 4987 Ariovistus:
3114 4940 3365 4986 Ariovisto
3403 4939 3463 4986 27
3498 4947 3592 4986 2ss

2767 5010 3080 5056 Aristharcus
3118 5009 3182 5055 30
3213 5015 3292 5055 25.

2766 5077 3076 5125 Aristobolus
3113 5079 3318 5136 scriptor
3352 5076 3383 5122 9
3415 5087 3459 5124 7.

2763 5147 3073 5193 Aristobolus
3107 5145 3342 5193 Ionathae
3381 5148 3416 5196 1.
3459 5145 3489 5192 9
3524 5155 3600 5194 13.

2765 5216 3079 5262 Aristobolus
3114 5229 3195 5262 rex
3232 5213 3263 5260 9
3292 5224 3372 5264 23.

2766 5286 2961 5331 Aristus
3000 5283 3063 5332 46
3097 5293 3173 5331 13.

2767 5355 3091 5400 Armamitres
3127 5353 3157 5400 4
3187 5363 3267 5401 36.

2765 5423 3088 5481 Arnegisclus
3123 5437 3252 5481 may.
3294 5423 3401 5470 mil.
3445 5421 3508 5469 42
3538 5430 3598 5470 25

2764 5493 2962 5538 Arriani
2998 5508 3046 5537 v.
3088 5490 3282 5539 Ariani.

2762 5561 2970 5606 Arsaces
3008 5560 3073 5608 30
3107 5569 3182 5607 14.

2734 5631 3003 5678 lArsamus
3042 5629 3071 5676 8
3101 5639 3148 5676 3.
3182 5639 3262 5678 25.

2734 5685 2918 5758 [Arses
2958 5699 3078 5744 Ochi
3119 5699 3187 5747 111.
3232 5701 3261 5748 ὃ
3292 5708 3370 5747 231.

2733 5769 3043 5831 ¹Artabanus
3079 5782 3162 5814 rex
3205 5768 3464 5816 Persarum
3500 5769 3530 5817 8
3564 5777 3638 5817 14.

4257 1221 4364 1267 An-

4097 3354 4177 3416 Gs.
4221 3355 4368 3402 Gun-
