4882 6775
1048 477 1130 541 30
2369 489 2372 493 ’
2488 474 2853 532 IORDANIS

881 667 1008 728 229
1218 664 1502 750 Cyprum
1548 664 1708 731 Cato
1753 666 1963 731 classe
2007 663 2320 747 navigera
2362 663 2644 729 directus
2688 663 2944 730 invasit.
3038 663 3425 746 negantibus
3469 663 3726 748 Cypriis
3775 662 4015 728 habere
4062 681 4132 728 se
4176 662 4302 727 ali-
4327 674 4435 717 Buf-
4470 675 4521 716 ¹³

1045 766 1202 851 quid
1263 787 1537 850 magnas
1595 767 1730 833 illis
1790 787 1946 853 opes
2006 767 2290 852 repperit
2330 766 3027 851 proscriptionibusque
3071 766 3392 832 multavit.
3483 767 3652 850 quod
3696 787 3825 832 non
3870 766 4085 831 ferens
4131 765 4309 830 Gno-

1047 870 1184 936 sius
1245 891 1358 936 rex
1415 891 1632 936 eorum
1691 891 1939 936 veneno
1985 870 2215 937 hausto
2263 876 2468 936 semet
2509 869 2741 935 occidit
2784 875 2850 936 et
2893 869 2984 934 sic
3031 870 3283 953 Cyprus
3328 870 3618 934 Romana
3659 869 3834 934 facta
3877 868 4207 953 provincia
4229 870 4269 949 ¹)
4287 918 4301 933 .

1051 973 1359 1057 Lybiam,
1418 972 1489 1038 id
1534 979 1634 1040 est
1675 973 2101 1058 Pentapolim,
2153 979 2350 1038 totam
2394 994 2436 1038 a
2482 972 2685 1056 primo
2728 972 2842 1036 illo
2886 972 3258 1038 Ptholomeo
3301 972 3606 1038 Romanis
3651 973 3771 1038 sub
3815 972 4110 1038 libertate
4156 992 4307 1037 con-

987 1098 1013 1136 5
1052 1095 1302 1141 cessam
1369 1082 1586 1142 tamen
1651 1075 2101 1141 resistentibus
2169 1075 2405 1141 dehinc
2460 1075 2775 1159 Appionis
2843 1074 3180 1140 consilium
3238 1076 3528 1140 Romano
3602 1075 3839 1159 populo
3913 1075 4202 1141 subdidit
4227 1078 4302 1159 2).

1049 1179 1390 1263 Aegyptus
1434 1179 1638 1245 omnis
1682 1179 1766 1245 ab
1811 1179 2037 1243 amicis
2081 1180 2535 1257 Romanorum,
2587 1177 2655 1243 id
2701 1184 2801 1243 est
2846 1177 3114 1259 Lagidis
3158 1198 3275 1262 per
3316 1178 3724 1243 Ptholomeos
3767 1198 4088 1264 possessa.
4164 1185 4311 1263 post

1049 1282 1213 1347 haec
1257 1281 1599 1366 Cleopatra
1642 1289 1707 1348 et
1749 1281 2066 1346 Antonius
2111 1281 2250 1346 iure
2296 1280 2551 1365 proprio
2595 1279 2998 1346 vindicantes
3045 1288 3111 1345 et
3156 1300 3228 1345 se
3274 1288 3338 1345 et
3381 1280 3498 1345 illa
3541 1281 3862 1347 amittunt.

889 1387 1015 1448 230
1222 1386 1471 1450 Montes
1530 1403 1682 1449 vero
1726 1383 2071 1449 Armeniae
2131 1383 2406 1468 primum
2459 1404 2575 1468 per
2620 1384 2958 1448 Lucullum
3003 1384 3295 1447 Romana
3337 1402 3518 1447 arma
3561 1383 3893 1465 viderunt,
3958 1404 4076 1468 per
4118 1404 4306 1466 quem
4335 1392 4441 1433 Buf—
4477 1395 4525 1435 ¹⁴

1051 1493 1117 1555 et
1157 1487 1227 1553 in
1272 1487 1587 1552 Hosroine
1631 1487 2079 1552 Saracinorum
2124 1486 2373 1551 filarchi
2418 1486 2653 1552 devicti
2699 1486 3005 1552 Romanis
3052 1505 3123 1551 se
3167 1485 3570 1551 dediderunt.
3658 1486 4309 1570 Mesopotamiamque

957 1589 1227 1656 widem
1285 1589 1460 1674 ipse,
1524 1589 1862 1654 Nitzebem
1922 1609 2172 1672 quoque
2228 1589 2451 1654 urbem
2509 1589 2771 1655 invasit.
2867 1594 3016 1672 post
3074 1609 3262 1671 quem
3324 1589 3666 1673 Pompeius
3724 1589 3951 1655 eadem
4012 1590 4155 1654 loca
4210 1589 4312 1654 in-

890 1697 1004 1757 231
1052 1692 1356 1775 grediens
1413 1693 1701 1758 Romano
1761 1691 2157 1759 confirmavit
2212 1692 2500 1776 imperio.
2597 1692 2848 1775 Syriam
2907 1692 3148 1757 Coelen
3203 1692 3372 1756 iusto
3433 1691 3675 1775 proelio
3720 1692 4003 1775 Tigrane
4062 1691 4310 1757 devicto

1053 1795 1384 1865 invaserat
1403 1798 1476 1876 ³).
1572 1795 1864 1860 Arabaes
1909 1802 1975 1859 et
2019 1794 2330 1861 Palestini
2374 1794 2598 1861 eodem
2646 1794 2950 1878 Pompeio
2995 1794 3298 1859 ductante
3344 1794 3581 1860 devicti
3626 1801 3794 1860 sunt.

895 1899 1020 1961 232
1228 1898 1574 1981 Babylonii
1633 1905 1848 1963 autem
1907 1899 2129 1965 crebro
2187 1904 2625 1963 concertantes
2685 1916 3103 1982 sepenumero
3162 1897 3349 1979 victi,
3415 1918 3763 1980 numquam
3823 1904 4039 1963 tamen
4083 1897 4168 1962 ad
4210 1897 4311 1962 in-
4337 1907 4445 1947 Buf-
4480 1910 4532 1949 ¹⁵

1053 2008 1304 2083 tegrum
1364 2000 1586 2065 domiti
1633 2007 1799 2066 sunt.
1897 2019 2059 2083 quos
2102 2008 2316 2067 tamen
2362 2001 2636 2084 primum
2683 1999 2921 2065 Lucius
2966 2000 3153 2085 Sylla
3195 2001 3534 2084 proconsul
3580 2000 3700 2065 sub
3745 2000 4050 2066 Arsacem
4097 2021 4311 2066 eorum

960 2124 1018 2163 ιε»
1058 2123 1278 2186 regem
1335 2102 1577 2168 devicit
1633 2103 1716 2168 ab
1776 2122 1978 2187 eoque
2037 2110 2300 2185 rogatus
2358 2123 2477 2187 per
2536 2103 2783 2185 legatos
2843 2123 3068 2186 pacem
3121 2102 3456 2168 concessit.
3553 2097 3836 2169 secundo
3880 2103 4035 2168 dum
4080 2104 4314 2168 Lucius

1058 2208 1367 2272 Lucullus
1399 2227 1440 2271 a
1462 2205 1722 2272 Ponfico
1752 2226 1950 2289 regno
1975 2206 2322 2288 Tigranem
2349 2206 2697 2271 Armeniae
2730 2225 2949 2288 regem
2982 2226 3127 2271 cum
3159 2205 3383 2270 decem
3415 2213 3479 2271 et
3501 2210 3642 2271 octo
3664 2205 3925 2270 milibus
3952 2213 4318 2291 superatum

1037 2310 1444 2399 expelleret,
1512 2329 1892 2392 omnemque
1935 2310 2307 2374 Armeniam
2363 2309 2658 2374 invasam
2716 2308 2801 2373 ad
2848 2308 3375 2392 Mesopotamiam
3424 2308 3628 2389 venit,
3693 2309 3785 2374 ibi
3830 2309 4131 2375 Nitziben
4176 2328 4315 2374 cum

1058 2412 1255 2477 fratre
1300 2412 1474 2495 regis
1520 2412 1895 2477 Parthorum
1945 2413 2148 2496 cepit,
2215 2432 2427 2493 aequa
2471 2418 2640 2476 sorte
2686 2411 3020 2475 Persidam
3065 2411 3334 2495 cupiens
3379 2410 3751 2490 devastare,
3804 2411 3930 2475 nisi
3976 2412 4317 2496 Pompeius

896 2517 1021 2578 233
1057 2536 1098 2579 a
1158 2522 1382 2580 senatu
1446 2515 1727 2580 directus
1786 2515 1848 2580 ei
1905 2514 2278 2579 advenisset
2334 2533 2685 2580 successor.
2781 2513 2887 2578 hic
2930 2512 3165 2579 etenim
3219 2513 3567 2597 Pompeius
3606 2513 3755 2579 ilico
3802 2514 4106 2596 veniens,
4171 2535 4315 2579 mox
4344 2523 4450 2563 Bur·
4488 2525 4539 2564 ¹⁶

961 2636 1021 2678 20
1060 2624 1365 2683 nocturno
1422 2617 1665 2701 proelio
1723 2617 1791 2681 in
1845 2617 2089 2681 minore
2135 2616 2441 2681 Armenia
2486 2635 2680 2699 super
2723 2615 3115 2680 Mitridatem
3159 2615 3451 2697 inruens,
3518 2634 3666 2681 xnn
3709 2616 3892 2681 milia
3934 2623 4316 2682 armatorum

1062 2719 1204 2785 eius
1263 2724 1675 2803 prosternens
1736 2726 2073 2800 castraque
2134 2718 2467 2785 succendit
2485 2723 2557 2797 ⁴).
2656 2717 2825 2783 unde
2871 2716 3214 2783 Mitridatis
3276 2737 3419 2782 cum
3477 2738 3674 2784 uxore
3718 2725 3784 2784 et
3827 2718 4078 2784 duobus
4123 2720 4318 2785 satel-

1058 2822 1282 2888 litibus
1341 2822 1599 2905 fugiens
1655 2821 1921 2886 Bosforo
1980 2822 2155 2888 venit
2208 2820 2536 2904 nimiaque
2595 2820 3040 2904 desperatione
3100 2821 3399 2886 detentus
3458 2841 3775 2885 venenum
3834 2822 4101 2906 accepit.
4204 2821 4318 2887 sed

1061 2924 1212 2990 dum
1257 2944 1380 2990 nec
1424 2924 1518 2989 sic
1561 2943 1731 2989 mors
1776 2924 1835 2989 ei
1882 2924 2241 3005 accederet,
2292 2924 2567 2991 alterum
2613 2943 2650 2988 e
2696 2923 2950 2989 dn'ohus
2995 2923 3344 2988 satellitem
3389 2923 3670 3005 rogavit,
3723 2929 3795 2988 ut
3837 2942 3907 2988 se
3951 2924 4311 3007 perimeret.

900 3032 1020 3091 234
1063 3026 1407 3112 Pompeius
1450 3033 1665 3092 autem
1712 3026 1972 3092 maioris
2017 3026 2362 3090 Armeniae
2408 3046 2628 3108 regem
2674 3024 2826 3090 dum
2872 3031 3395 3108 persequeretur,
3461 3047 3576 3091 cur
3617 3026 3887 3109 Tigrani
3929 3032 4152 3091 contra
4192 3026 4318 3090 Ro-

961 3150 1022 3191 25
1061 3148 1284 3194 manos
1339 3129 1654 3194 auxilium
1713 3129 2181 3195 commodasset
2199 3132 2240 3212 ⁵)
2259 3181 2273 3209 ,
2338 3128 2451 3193 ille
2497 3128 2561 3191 in
2608 3128 2920 3194 Artaxata
2963 3128 3119 3194 urbe
3164 3149 3359 3211 regno
3403 3128 3697 3211 deposito
3740 3129 3905 3194 ultro
3957 3129 4317 3195 diademam

1063 3251 1246 3296 suam
1293 3232 1595 3316 Pompeio
1640 3231 1903 3315 optulit3
1974 3231 2092 3297 sed
2135 3230 2481 3314 Pompeius
2526 3230 2766 3315 pietate
2818 3228 3048 3297 ductus
3093 3231 3257 3295 ultro
3302 3230 3606 3296 maiorem
3651 3229 4018 3296 Armeniam
4065 3231 4126 3296 ei
4171 3251 4320 3297 con-

1065 3333 1264 3400 cessit
1305 3354 1578 3417 regnare
1599 3387 1613 3415 ,
1665 3334 1968 3402 auferens
2013 3334 2096 3400 ab
2143 3354 2219 3400 eo
2264 3333 2794 3417 Mesopotamiam
2843 3339 2908 3398 et
2952 3332 3208 3418 Syriam
3252 3340 3628 3418 partemque
3670 3334 3965 3400 Foenicis
4012 3354 4156 3400 cum
4200 3335 4320 3400 Ar-

1066 3438 1281 3503 menia
1298 3439 1373 3521 ⁶).
1466 3458 1616 3502 nam
1672 3438 2066 3504 Bosforianis
2122 3437 2511 3519 Colchisque
2555 3436 2993 3501 Aristharcum
3053 3456 3270 3519 regem
3317 3437 3661 3521 Pompeius
3710 3438 4080 3522 praeposuit
4123 3437 4322 3502 Alba-

1066 3559 1309 3622 nosque
1338 3540 1687 3624 insequens
1718 3540 1993 3607 Orodem
2039 3560 2256 3624 regem
2303 3560 2521 3608 eorum
2568 3539 2755 3606 tertio
2799 3539 3149 3623 superavit.
3227 3539 3313 3604 ad
3357 3547 3747 3624 postremum
3792 3546 4057 3622 rogatus
4100 3559 4319 3625 pacem

1241 3886 1296 3932 Η
1322 3884 1366 3931 Ρ
1395 3885 1437 3933 V
1458 3884 1518 3935 L.
1557 3911 1626 3920 —
1667 3884 1802 3935 Mur.
1836 3901 1891 3946 p.
1923 3886 2052 3934 ‘234⁸
2086 3902 2134 3933 υ.
2166 3885 2194 3933 7
2234 3888 2491 3934 amittunt.

1244 4037 1275 4087 2
1312 4035 1543 4106 gnosius]
1581 4039 1798 4102 Cyprius
1836 4039 2006 4099 Rufus
2237 4039 2267 4087 3
2305 4035 2459 4105 facta]
2497 4041 2535 4087 s.
2576 4046 2656 4087 est
2691 4039 2735 4086 L
2961 4038 2993 4087 4
3030 4041 3386 4102 pemptapolim
3426 4041 3526 4088 ΗΡ
3729 4036 4033 4107 ptholomeo]
4072 4041 4127 4104 P,
4169 4042 4326 4089 tholo-

1073 4139 1181 4173 meo
1206 4126 1271 4186 H,
1313 4126 1558 4187 ptolomeo
1591 4126 1673 4173 VL
1869 4139 2101 4173 concessa
2129 4124 2172 4171 L
2381 4124 2411 4172 5
2449 4121 2704 4190 appionis]
2728 4125 2841 4173 libre·
2863 4131 2907 4172 et
2935 4125 3066 4174 Iord.
3098 4131 3143 4174 et
3170 4106 3309 4189 Rufi·
3483 4127 3688 4174 consilio
3724 4126 3768 4172 L
3978 4127 4009 4175 6
4047 4128 4191 4175 laidis
4217 4128 4258 4175 L

1072 4208 1402 4279 ptholomeus]
1439 4212 1505 4271 H,
1559 4212 1863 4274 phtolomeos
1905 4210 1963 4270 P,
2007 4213 2277 4273 ptolomeos
2321 4210 2403 4257 VL
2682 4210 2710 4259 7
2748 4208 2882 4278 iure]
2917 4211 3031 4259 libri
3294 4213 3430 4259 illam
3471 4212 3513 4258 L
3792 4211 3823 4260 9
3859 4208 4114 4277 hosroine]
4149 4212 4258 4260 libra·

1075 4292 1434 4362 sar-acinorum]
1471 4297 1630 4354 HPL,
1671 4310 2039 4345 sarracenorum
2086 4297 2127 4343 V
2330 4291 2542 4361 filarchi]
2580 4295 2770 4356 Rufus,
2811 4297 2963 4344 sslorcl
3000 4297 3115 4344 libri
3322 4299 3773 4359 mesopotamiaque
3820 4299 3861 4345 V
4068 4297 4129 4346 1⁰
4167 4299 4326 4344 nitze-

1073 4376 1212 4447 bem]
1249 4375 1408 4440 HPV,
1449 4382 1677 4429 nizebem
1716 4382 1761 4429 L
2023 4381 2083 4430 13
2119 4382 2393 4440 babyllonii
2428 4380 2540 4442 ΗΡ,
2581 4382 2820 4429 babilonii
2865 4382 2947 4429 VL
3220 4381 3279 4430 14
3317 4383 3476 4441 lycius
3514 4383 3639 4442 sylla
3674 4382 3831 4442 HPV,
3872 4384 4021 4432 licius
4057 4385 4181 4442 sylla
4217 4383 4258 4431 L

1074 4479 1291 4513 arsacem
1329 4481 1375 4514 e.
1415 4462 1605 4532 regem]
1641 4466 1800 4525 HPV,
1843 4481 2040 4514 arsacen
2080 4481 2125 4516 e.
2165 4480 2279 4525 rege
2319 4465 2362 4512 L
2585 4467 2645 4516 15
2682 4480 2772 4529 per
2806 4468 2905 4529 leg.
2946 4481 3046 4527 rog.
3097 4467 3139 4515 V
3356 4468 3579 4516 lucullus
3616 4468 3779 4516 lucius
3821 4468 3862 4516 L
3942 4515 3955 4522 ,
4075 4468 4137 4517 16
4174 4470 4324 4530 tigra-

1076 4566 1168 4600 nae
1205 4554 1506 4600 mumoniae
1546 4553 1596 4598 H
1801 4566 1966 4612 regem
2003 4566 2098 4601 om.
2140 4551 2239 4598 ΗΡ
2466 4551 2525 4600 17
2565 4552 2625 4600 ad
2661 4566 2760 4601 om.
2798 4552 2843 4599 L
3052 4533 3303 4618 nitszen]
3340 4554 3497 4613 HPV,
3539 4555 3770 4601 nuzeben
3808 4553 3852 4600 L
4063 4553 4122 4602 21
4165 4554 4326 4602 mitri-

1075 4633 1232 4703 datis]
1279 4637 1377 4685 ΗΡ
1652 4636 1716 4686 22
1763 4639 2014 4686 bessorum
2053 4637 2095 4684 L
2373 4636 2437 4686 23
2489 4639 2609 4685 dnm
2645 4634 2761 4703 nec]
2811 4638 3020 4685 necdum
3060 4639 3104 4686 L
3381 4641 3427 4686 ei
3477 4653 3606 4687 mors
3654 4639 3696 4685 L
3973 4641 4246 4688 satellitum
4284 4637 4326 4685 L

1075 4723 1143 4772 25
1180 4720 1562 4789 commodasset]
1600 4723 1750 4782 PVL,
1791 4724 2186 4771 commendasset
2224 4724 2273 4769 H
2477 4724 2751 4771 diademam
2791 4720 2959 4789 suam]
2994 4723 3181 4772 HPVL
3412 4723 3477 4773 26
3515 4726 3646 4771 ultra
3683 4725 3796 4773 libra·
4001 4724 4064 4773 27
4101 4720 4328 4790 foenicis]

1077 4809 1236 4870 HPV,
1279 4811 1459 4860 fenicis
1497 4810 1541 4857 L
1749 4811 2001 4857 armoenia
2037 4808 2141 4856 HV
2346 4807 2411 4859 28
2450 4805 2800 4874 aristharcum]
2835 4810 2949 4871 HV,
2993 4812 3281 4858 aristarcum
3321 4809 3379 4871 L,
3422 4811 3720 4858 aritharcum
3759 4810 3805 4857 P

1255 5067 1300 5130 1)
1346 5053 1605 5130 (Cyprum)
1646 5081 1731 5115 rex
1772 5067 2053 5116 foederatus
2089 5068 2318 5128 regebat,
2370 5067 2457 5115 sed
2508 5072 2648 5115 tanta
2694 5067 2793 5114 fuit
2840 5068 3052 5127 penuria
3098 5067 3272 5115 aerarii
3308 5069 3519 5115 Romani
3557 5073 3607 5116 et
3655 5073 3756 5115 tam
3802 5071 3981 5127 ingens
4016 5082 4166 5130 opum
4206 5070 4333 5115 sama

1080 5154 1407 5216 Cypriarnm,
1467 5160 1524 5200 ut
1558 5153 1669 5213 lege
1705 5154 1822 5201 data
1858 5151 2050 5214 Cyprus
2087 5154 2340 5201 confiscari
2375 5154 2664 5200 iuberetur:
2716 5166 2815 5214 quo
2851 5158 3052 5214 accepto
3089 5166 3178 5200 rex
3216 5152 3432 5214 Cyprius
3470 5156 3647 5202 nuntio
3683 5168 3932 5202 venenum
3969 5157 4189 5216 sumpsit
4224 5190 4236 5203 .
4270 5191 4280 5201 .
4314 5190 4326 5202 .

1079 5238 1200 5286 Cato
1235 5239 1443 5299 Cyprias
1480 5252 1599 5300 opes
1636 5240 1838 5287 Romam
1877 5240 2089 5287 navibus
2126 5239 2329 5287 advexit
2364 5238 2551 5298 Rufus.
3839 5220 3846 5227 ⁸

1251 5324 1300 5385 2)
1345 5324 1566 5383 Cyrenas
1617 5339 1728 5373 cum
1767 5326 1943 5373 ceteris
1980 5324 2269 5373 civitatibus
2307 5325 2496 5383 Libyae
2534 5325 2818 5385 Pentapolis
2856 5325 3129 5372 Ptolemaei
3168 5325 3468 5388 antiquioris
3505 5326 3799 5377 liberalitate
3836 5327 4171 5388 suscepimus.
4245 5326 4333 5373 Li-

1082 5411 1225 5469 byam
1263 5422 1497 5471 supremo
1533 5411 1785 5473 Appianis
1822 5411 1953 5470 regis
1990 5410 2191 5458 arbitrio
2228 5423 2402 5457 sumus
2439 5411 2663 5459 adsecuti
2703 5410 2886 5470 Rufus.

1256 5495 1304 5556 3)
1349 5495 1519 5555 Syriae
1556 5496 1833 5546 Phoenicas
1877 5495 2006 5556 (libri
2040 5495 2214 5546 foenix
2248 5497 2325 5545 vel
2363 5497 2601 5556 afanicae)
2643 5496 2772 5544 bello
2807 5511 2837 5544 a
2871 5497 3085 5557 Tigrane
3120 5498 3468 5546 Armeniorum
3507 5511 3624 5556 rege
3659 5502 3889 5558 receptae
3924 5503 4044 5545 sunt
4077 5497 4261 5559 Rufus.

1252 5581 1302 5638 4)
1344 5586 1505 5629 castra
1538 5582 1653 5628 eius
1691 5582 1878 5629 invasit
1916 5580 2102 5640 Rufus.

1257 5668 1305 5728 5)
1348 5667 1614 5728 Pompeius
1651 5669 2001 5716 auxiliatorem
2037 5666 2346 5717 Mithridatis
2383 5668 2647 5728 Tigranem
2685 5669 3035 5720 Armeniorum
3073 5681 3237 5728 regem
3274 5673 3572 5729 persecutus
3608 5673 3687 5714 est
3723 5666 3910 5726 Rufina.

1253 5753 1302 5814 6)
1345 5766 1459 5801 eum
1494 5754 1732 5802 Armenia
1768 5768 1867 5804 om.
1908 5751 2096 5815 Busta.
