<?xml version="1.0" encoding="UTF-8"?>
<!DOCTYPE html PUBLIC "-//W3C//DTD XHTML 1.0 Transitional//EN"
    "http://www.w3.org/TR/xhtml1/DTD/xhtml1-transitional.dtd">
<html xmlns="http://www.w3.org/1999/xhtml" xml:lang="en" lang="en">
 <head>
  <title>
</title>
<meta http-equiv="Content-Type" content="text/html;charset=utf-8" />
  <meta name='ocr-system' content='tesseract 3.04.00' />
  <meta name='ocr-capabilities' content='ocr_page ocr_carea ocr_par ocr_line ocrx_word'/>
</head>
<body>
  <div class='ocr_page' id='page_1' title='image "./romanaetgetica00mommgoog_0146.png"; bbox 0 0 4882 6775; ppageno 0'>
   <div class='ocr_carea' id='block_1_1' title="bbox 1124 462 2935 532">
    <p class='ocr_par' dir='ltr' id='par_1_1' title="bbox 1124 462 2935 532">
     <span class='ocr_line' id='line_1_1' title="bbox 1124 462 2935 532; baseline -0.002 -12"><span class='ocrx_word' id='word_1_1' title='bbox 1124 473 1204 532; x_wconf 78' lang='grc'><strong>64</strong></span> <span class='ocrx_word' id='word_1_2' title='bbox 2576 462 2935 516; x_wconf 80' lang='lat' dir='ltr'><strong>lORDANlS</strong></span> 
     </span>
    </p>
   </div>
   <div class='ocr_carea' id='block_1_2' title="bbox 1024 650 4377 740">
    <p class='ocr_par' dir='ltr' id='par_1_2' title="bbox 1024 650 4377 740">
     <span class='ocr_line' id='line_1_2' title="bbox 1024 650 4377 740; baseline -0.002 -20"><span class='ocrx_word' id='word_1_3' title='bbox 1024 655 1080 720; x_wconf 90' lang='lat' dir='ltr'><strong>V</strong></span> <span class='ocrx_word' id='word_1_4' title='bbox 1124 658 1233 740; x_wconf 91' lang='lat' dir='ltr'><strong>qni</strong></span> <span class='ocrx_word' id='word_1_5' title='bbox 1293 677 1405 723; x_wconf 87' lang='lat' dir='ltr'><strong>eos</strong></span> <span class='ocrx_word' id='word_1_6' title='bbox 1462 655 1682 721; x_wconf 91' lang='lat' dir='ltr'><strong>dicunt</strong></span> <span class='ocrx_word' id='word_1_7' title='bbox 1734 654 1803 720; x_wconf 91' lang='lat' dir='ltr'><strong>in</strong></span> <span class='ocrx_word' id='word_1_8' title='bbox 1848 653 2163 719; x_wconf 77' lang='lat' dir='ltr'><strong>Brittania</strong></span> <span class='ocrx_word' id='word_1_9' title='bbox 2219 652 2322 717; x_wconf 81' lang='lat' dir='ltr'><strong>vel</strong></span> <span class='ocrx_word' id='word_1_10' title='bbox 2379 651 2449 717; x_wconf 90' lang='lat' dir='ltr'><strong>in</strong></span> <span class='ocrx_word' id='word_1_11' title='bbox 2506 652 2925 736; x_wconf 89' lang='lat' dir='ltr'><strong>unaqualibet</strong></span> <span class='ocrx_word' id='word_1_12' title='bbox 2980 652 3335 717; x_wconf 89' lang='lat' dir='ltr'><strong>insularum</strong></span> <span class='ocrx_word' id='word_1_13' title='bbox 3393 652 3461 716; x_wconf 91' lang='lat' dir='ltr'><strong>in</strong></span> <span class='ocrx_word' id='word_1_14' title='bbox 3514 650 3821 716; x_wconf 83' lang='lat' dir='ltr'><strong>servitute</strong></span> <span class='ocrx_word' id='word_1_15' title='bbox 3865 650 4160 716; x_wconf 89' lang='lat' dir='ltr'><strong>redactos</strong></span> <span class='ocrx_word' id='word_1_16' title='bbox 4204 657 4268 714; x_wconf 91' lang='lat' dir='ltr'><strong>et</strong></span> <span class='ocrx_word' id='word_1_17' title='bbox 4311 650 4377 713; x_wconf 94' lang='lat' dir='ltr'><strong>in</strong></span> 
     </span>
    </p>
   </div>
   <div class='ocr_carea' id='block_1_3' title="bbox 998 1071 1194 1132">
    <p class='ocr_par' dir='ltr' id='par_1_3' title="bbox 998 1071 1194 1132">
     <span class='ocr_line' id='line_1_3' title="bbox 998 1071 1194 1132; baseline -0.005 0"><span class='ocrx_word' id='word_1_18' title='bbox 998 1071 1194 1132; x_wconf 50' lang='lat'><strong>39.</strong></span> 
     </span>
    </p>
   </div>
   <div class='ocr_carea' id='block_1_4' title="bbox 1119 755 4380 1566">
    <p class='ocr_par' dir='ltr' id='par_1_4' title="bbox 1120 755 4380 1048">
     <span class='ocr_line' id='line_1_4' title="bbox 1121 755 4378 844; baseline -0.003 -17"><span class='ocrx_word' id='word_1_19' title='bbox 1121 761 1313 831; x_wconf 87' lang='lat' dir='ltr'><strong>unius</strong></span> <span class='ocrx_word' id='word_1_20' title='bbox 1358 759 1595 825; x_wconf 79' lang='lat' dir='ltr'><strong>caballi</strong></span> <span class='ocrx_word' id='word_1_21' title='bbox 1641 757 1888 844; x_wconf 88' lang='lat' dir='ltr'><strong>praetio</strong></span> <span class='ocrx_word' id='word_1_22' title='bbox 1931 779 1972 822; x_wconf 92' lang='lat' dir='ltr'><strong>a</strong></span> <span class='ocrx_word' id='word_1_23' title='bbox 2015 755 2292 840; x_wconf 91' lang='lat' dir='ltr'><strong>quodam</strong></span> <span class='ocrx_word' id='word_1_24' title='bbox 2338 764 2618 841; x_wconf 90' lang='lat' dir='ltr'><strong>ereptos.</strong></span> <span class='ocrx_word' id='word_1_25' title='bbox 2710 764 2825 821; x_wconf 88' lang='lat' dir='ltr'><strong>aut</strong></span> <span class='ocrx_word' id='word_1_26' title='bbox 2879 764 3052 821; x_wconf 90' lang='lat' dir='ltr'><strong>certe</strong></span> <span class='ocrx_word' id='word_1_27' title='bbox 3098 757 3153 820; x_wconf 91' lang='lat' dir='ltr'><strong>si</strong></span> <span class='ocrx_word' id='word_1_28' title='bbox 3197 756 3343 840; x_wconf 90' lang='lat' dir='ltr'><strong>quis</strong></span> <span class='ocrx_word' id='word_1_29' title='bbox 3387 776 3498 821; x_wconf 91' lang='lat' dir='ltr'><strong>eos</strong></span> <span class='ocrx_word' id='word_1_30' title='bbox 3542 757 3732 820; x_wconf 90' lang='lat' dir='ltr'><strong>aliter</strong></span> <span class='ocrx_word' id='word_1_31' title='bbox 3775 755 4007 820; x_wconf 82' lang='lat' dir='ltr'><strong>dixerit</strong></span> <span class='ocrx_word' id='word_1_32' title='bbox 4050 755 4120 819; x_wconf 93' lang='lat' dir='ltr'><strong>in</strong></span> <span class='ocrx_word' id='word_1_33' title='bbox 4165 762 4378 819; x_wconf 87' lang='lat' dir='ltr'><strong>nostro</strong></span> 
     </span>
     <span class='ocr_line' id='line_1_5' title="bbox 1122 859 4380 946; baseline -0.002 -18"><span class='ocrx_word' id='word_1_34' title='bbox 1122 864 1299 945; x_wconf 89' lang='lat' dir='ltr'><strong>urbe,</strong></span> <span class='ocrx_word' id='word_1_35' title='bbox 1350 883 1542 945; x_wconf 90' lang='lat' dir='ltr'><strong>quam</strong></span> <span class='ocrx_word' id='word_1_36' title='bbox 1588 861 1757 946; x_wconf 92' lang='lat' dir='ltr'><strong>quod</strong></span> <span class='ocrx_word' id='word_1_37' title='bbox 1804 881 1919 925; x_wconf 92' lang='lat' dir='ltr'><strong>nos</strong></span> <span class='ocrx_word' id='word_1_38' title='bbox 1964 859 2268 939; x_wconf 85' lang='lat' dir='ltr'><strong>diximus,</strong></span> <span class='ocrx_word' id='word_1_39' title='bbox 2322 859 2525 925; x_wconf 87' lang='lat' dir='ltr'><strong>fuisse</strong></span> <span class='ocrx_word' id='word_1_40' title='bbox 2556 868 2832 941; x_wconf 84' lang='lat' dir='ltr'><strong>exortos,</strong></span> <span class='ocrx_word' id='word_1_41' title='bbox 2884 861 3069 925; x_wconf 91' lang='lat' dir='ltr'><strong>nobis</strong></span> <span class='ocrx_word' id='word_1_42' title='bbox 3114 860 3363 942; x_wconf 90' lang='lat' dir='ltr'><strong>aliquid</strong></span> <span class='ocrx_word' id='word_1_43' title='bbox 3407 859 3837 944; x_wconf 87' lang='lat' dir='ltr'><strong>obstrepebit:</strong></span> <span class='ocrx_word' id='word_1_44' title='bbox 3887 878 4005 923; x_wconf 91' lang='lat' dir='ltr'><strong>nos</strong></span> <span class='ocrx_word' id='word_1_45' title='bbox 4050 859 4219 923; x_wconf 92' lang='lat' dir='ltr'><strong>enim</strong></span> <span class='ocrx_word' id='word_1_46' title='bbox 4264 879 4380 943; x_wconf 90' lang='lat' dir='ltr'><strong>po-</strong></span> 
     </span>
     <span class='ocr_line' id='line_1_6' title="bbox 1120 961 3275 1048; baseline -0.002 -16"><span class='ocrx_word' id='word_1_47' title='bbox 1120 968 1250 1032; x_wconf 90' lang='lat' dir='ltr'><strong>tius</strong></span> <span class='ocrx_word' id='word_1_48' title='bbox 1297 965 1555 1031; x_wconf 89' lang='lat' dir='ltr'><strong>lectioni</strong></span> <span class='ocrx_word' id='word_1_49' title='bbox 1602 964 1922 1030; x_wconf 90' lang='lat' dir='ltr'><strong>credimus</strong></span> <span class='ocrx_word' id='word_1_50' title='bbox 1966 984 2158 1048; x_wconf 90' lang='lat' dir='ltr'><strong>quam</strong></span> <span class='ocrx_word' id='word_1_51' title='bbox 2204 961 2445 1028; x_wconf 87' lang='lat' dir='ltr'><strong>fabulis</strong></span> <span class='ocrx_word' id='word_1_52' title='bbox 2490 963 2772 1028; x_wconf 80' lang='lat' dir='ltr'><strong>anilibus</strong></span> <span class='ocrx_word' id='word_1_53' title='bbox 2816 964 3275 1028; x_wconf 79' lang='lat' dir='ltr'><strong>consentimus.</strong></span> 
     </span>
    </p>

    <p class='ocr_par' dir='ltr' id='par_1_5' title="bbox 1119 1065 4380 1566">
     <span class='ocr_line' id='line_1_7' title="bbox 1299 1065 4375 1153; baseline -0.002 -19"><span class='ocrx_word' id='word_1_54' title='bbox 1299 1071 1383 1135; x_wconf 91' lang='lat' dir='ltr'><strong>Vt</strong></span> <span class='ocrx_word' id='word_1_55' title='bbox 1426 1089 1579 1153; x_wconf 87' lang='lat' dir='ltr'><strong>ergo</strong></span> <span class='ocrx_word' id='word_1_56' title='bbox 1622 1068 1710 1133; x_wconf 92' lang='lat' dir='ltr'><strong>ad</strong></span> <span class='ocrx_word' id='word_1_57' title='bbox 1754 1074 2033 1132; x_wconf 90' lang='lat' dir='ltr'><strong>nostrum</strong></span> <span class='ocrx_word' id='word_1_58' title='bbox 2081 1066 2477 1151; x_wconf 90' lang='lat' dir='ltr'><strong>propositum</strong></span> <span class='ocrx_word' id='word_1_59' title='bbox 2525 1066 2887 1149; x_wconf 81' lang='lat' dir='ltr'><strong>redeamus,</strong></span> <span class='ocrx_word' id='word_1_60' title='bbox 2940 1066 3007 1130; x_wconf 90' lang='lat' dir='ltr'><strong>in</strong></span> <span class='ocrx_word' id='word_1_61' title='bbox 3053 1068 3261 1152; x_wconf 90' lang='lat' dir='ltr'><strong>prima</strong></span> <span class='ocrx_word' id='word_1_62' title='bbox 3306 1066 3462 1131; x_wconf 89' lang='lat' dir='ltr'><strong>sede</strong></span> <span class='ocrx_word' id='word_1_63' title='bbox 3493 1066 3797 1149; x_wconf 74' lang='lat' dir='ltr'><strong>Scythiae</strong></span> <span class='ocrx_word' id='word_1_64' title='bbox 3826 1065 4009 1131; x_wconf 86' lang='lat' dir='ltr'><strong>iuxta</strong></span> <span class='ocrx_word' id='word_1_65' title='bbox 4037 1065 4375 1130; x_wconf 81' lang='lat' dir='ltr'><strong>Meotidem</strong></span> 
     </span>
     <span class='ocr_line' id='line_1_8' title="bbox 1119 1169 4369 1256; baseline -0.002 -18"><span class='ocrx_word' id='word_1_66' title='bbox 1119 1179 1595 1238; x_wconf 90' lang='lat' dir='ltr'><strong>commanentes</strong></span> <span class='ocrx_word' id='word_1_67' title='bbox 1624 1169 1918 1256; x_wconf 84' lang='lat' dir='ltr'><strong>praefati,</strong></span> <span class='ocrx_word' id='word_1_68' title='bbox 1975 1170 2145 1234; x_wconf 90' lang='lat' dir='ltr'><strong>unde</strong></span> <span class='ocrx_word' id='word_1_69' title='bbox 2175 1169 2515 1254; x_wconf 90' lang='lat' dir='ltr'><strong>loquimur,</strong></span> <span class='ocrx_word' id='word_1_70' title='bbox 2568 1170 2832 1234; x_wconf 85' lang='lat' dir='ltr'><strong>Filimer</strong></span> <span class='ocrx_word' id='word_1_71' title='bbox 2875 1189 3093 1253; x_wconf 84' lang='lat' dir='ltr'><strong>regem</strong></span> <span class='ocrx_word' id='word_1_72' title='bbox 3139 1169 3445 1234; x_wconf 87' lang='lat' dir='ltr'><strong>habuisse</strong></span> <span class='ocrx_word' id='word_1_73' title='bbox 3490 1177 3860 1234; x_wconf 87' lang='lat' dir='ltr'><strong>noscuntur.</strong></span> <span class='ocrx_word' id='word_1_74' title='bbox 3954 1170 4018 1234; x_wconf 91' lang='lat' dir='ltr'><strong>in</strong></span> <span class='ocrx_word' id='word_1_75' title='bbox 4067 1169 4369 1250; x_wconf 91' lang='lat' dir='ltr'><strong>secunda,</strong></span> 
     </span>
     <span class='ocr_line' id='line_1_9' title="bbox 1120 1273 4379 1358; baseline -0.002 -16"><span class='ocrx_word' id='word_1_76' title='bbox 1120 1277 1184 1342; x_wconf 91' lang='lat' dir='ltr'><strong>id</strong></span> <span class='ocrx_word' id='word_1_77' title='bbox 1232 1285 1331 1341; x_wconf 90' lang='lat' dir='ltr'><strong>est</strong></span> <span class='ocrx_word' id='word_1_78' title='bbox 1375 1274 1651 1355; x_wconf 84' lang='lat' dir='ltr'><strong>Daciae,</strong></span> <span class='ocrx_word' id='word_1_79' title='bbox 1717 1273 2163 1356; x_wconf 86' lang='lat' dir='ltr'><strong>Thraciaeque</strong></span> <span class='ocrx_word' id='word_1_80' title='bbox 2210 1281 2275 1339; x_wconf 92' lang='lat' dir='ltr'><strong>et</strong></span> <span class='ocrx_word' id='word_1_81' title='bbox 2320 1273 2568 1357; x_wconf 83' lang='lat' dir='ltr'><strong>Mysiae</strong></span> <span class='ocrx_word' id='word_1_82' title='bbox 2614 1275 2752 1339; x_wconf 90' lang='lat' dir='ltr'><strong>solo</strong></span> <span class='ocrx_word' id='word_1_83' title='bbox 2798 1274 3187 1353; x_wconf 85' lang='lat' dir='ltr'><strong>Zalmoxen,</strong></span> <span class='ocrx_word' id='word_1_84' title='bbox 3253 1294 3444 1356; x_wconf 87' lang='lat' dir='ltr'><strong>quem</strong></span> <span class='ocrx_word' id='word_1_85' title='bbox 3490 1274 3690 1339; x_wconf 90' lang='lat' dir='ltr'><strong>mirae</strong></span> <span class='ocrx_word' id='word_1_86' title='bbox 3735 1273 4185 1358; x_wconf 82' lang='lat' dir='ltr'><strong>philosophiae</strong></span> <span class='ocrx_word' id='word_1_87' title='bbox 4229 1293 4379 1338; x_wconf 91' lang='lat' dir='ltr'><strong>eru-</strong></span> 
     </span>
     <span class='ocr_line' id='line_1_10' title="bbox 1120 1377 4380 1462; baseline -0.002 -17"><span class='ocrx_word' id='word_1_88' title='bbox 1120 1380 1383 1445; x_wconf 89' lang='lat' dir='ltr'><strong>ditionis</strong></span> <span class='ocrx_word' id='word_1_89' title='bbox 1425 1379 1628 1444; x_wconf 84' lang='lat' dir='ltr'><strong>fuisse</strong></span> <span class='ocrx_word' id='word_1_90' title='bbox 1672 1384 1989 1442; x_wconf 86' lang='lat' dir='ltr'><strong>testantur</strong></span> <span class='ocrx_word' id='word_1_91' title='bbox 2031 1377 2319 1462; x_wconf 88' lang='lat' dir='ltr'><strong>plerique</strong></span> <span class='ocrx_word' id='word_1_92' title='bbox 2367 1378 2708 1461; x_wconf 87' lang='lat' dir='ltr'><strong>scriptores</strong></span> <span class='ocrx_word' id='word_1_93' title='bbox 2751 1378 3107 1442; x_wconf 90' lang='lat' dir='ltr'><strong>annalium.</strong></span> <span class='ocrx_word' id='word_1_94' title='bbox 3196 1399 3343 1442; x_wconf 89' lang='lat' dir='ltr'><strong>nam</strong></span> <span class='ocrx_word' id='word_1_95' title='bbox 3390 1386 3455 1443; x_wconf 92' lang='lat' dir='ltr'><strong>et</strong></span> <span class='ocrx_word' id='word_1_96' title='bbox 3483 1377 3752 1442; x_wconf 91' lang='lat' dir='ltr'><strong>Zeutam</strong></span> <span class='ocrx_word' id='word_1_97' title='bbox 3798 1377 3976 1462; x_wconf 90' lang='lat' dir='ltr'><strong>prius</strong></span> <span class='ocrx_word' id='word_1_98' title='bbox 4022 1377 4380 1442; x_wconf 90' lang='lat' dir='ltr'><strong>habueruut</strong></span> 
     </span>
     <span class='ocr_line' id='line_1_11' title="bbox 1119 1479 4379 1566; baseline -0.001 -19"><span class='ocrx_word' id='word_1_99' title='bbox 1119 1482 1458 1563; x_wconf 89' lang='lat' dir='ltr'><strong>eruditum,</strong></span> <span class='ocrx_word' id='word_1_100' title='bbox 1511 1487 1657 1565; x_wconf 89' lang='lat' dir='ltr'><strong>post</strong></span> <span class='ocrx_word' id='word_1_101' title='bbox 1699 1481 1890 1546; x_wconf 90' lang='lat' dir='ltr'><strong>etiam</strong></span> <span class='ocrx_word' id='word_1_102' title='bbox 1931 1480 2296 1562; x_wconf 90' lang='lat' dir='ltr'><strong>Dicineum,</strong></span> <span class='ocrx_word' id='word_1_103' title='bbox 2348 1481 2605 1545; x_wconf 90' lang='lat' dir='ltr'><strong>tertium</strong></span> <span class='ocrx_word' id='word_1_104' title='bbox 2637 1481 3012 1562; x_wconf 87' lang='lat' dir='ltr'><strong>Zalmoxen,</strong></span> <span class='ocrx_word' id='word_1_105' title='bbox 3066 1480 3147 1546; x_wconf 92' lang='lat' dir='ltr'><strong>de</strong></span> <span class='ocrx_word' id='word_1_106' title='bbox 3192 1502 3315 1564; x_wconf 93' lang='lat' dir='ltr'><strong>quo</strong></span> <span class='ocrx_word' id='word_1_107' title='bbox 3361 1481 3658 1566; x_wconf 90' lang='lat' dir='ltr'><strong>superius</strong></span> <span class='ocrx_word' id='word_1_108' title='bbox 3705 1481 4008 1545; x_wconf 82' lang='lat' dir='ltr'><strong>diximus.</strong></span> <span class='ocrx_word' id='word_1_109' title='bbox 4101 1500 4218 1545; x_wconf 94' lang='lat' dir='ltr'><strong>nec</strong></span> <span class='ocrx_word' id='word_1_110' title='bbox 4263 1479 4379 1545; x_wconf 93' lang='lat' dir='ltr'><strong>de-</strong></span> 
     </span>
    </p>
   </div>
   <div class='ocr_carea' id='block_1_5' title="bbox 996 1582 4377 1667">
    <p class='ocr_par' dir='ltr' id='par_1_6' title="bbox 996 1582 4377 1667">
     <span class='ocr_line' id='line_1_12' title="bbox 996 1582 4377 1667; baseline -0.001 -19"><span class='ocrx_word' id='word_1_111' title='bbox 996 1590 1078 1648; x_wconf 78' lang='lat'><strong>40</strong></span> <span class='ocrx_word' id='word_1_112' title='bbox 1125 1585 1413 1666; x_wconf 83' lang='lat' dir='ltr'><strong>fuerunt,</strong></span> <span class='ocrx_word' id='word_1_113' title='bbox 1478 1584 1590 1667; x_wconf 90' lang='lat' dir='ltr'><strong>qui</strong></span> <span class='ocrx_word' id='word_1_114' title='bbox 1635 1604 1747 1649; x_wconf 92' lang='lat' dir='ltr'><strong>eos</strong></span> <span class='ocrx_word' id='word_1_115' title='bbox 1793 1584 2180 1667; x_wconf 85' lang='lat' dir='ltr'><strong>sapientiam</strong></span> <span class='ocrx_word' id='word_1_116' title='bbox 2227 1582 2577 1649; x_wconf 88' lang='lat' dir='ltr'><strong>erudirent.</strong></span> <span class='ocrx_word' id='word_1_117' title='bbox 2675 1584 2841 1648; x_wconf 91' lang='lat' dir='ltr'><strong>unde</strong></span> <span class='ocrx_word' id='word_1_118' title='bbox 2886 1592 2951 1648; x_wconf 91' lang='lat' dir='ltr'><strong>et</strong></span> <span class='ocrx_word' id='word_1_119' title='bbox 2993 1604 3159 1667; x_wconf 90' lang='lat' dir='ltr'><strong>pene</strong></span> <span class='ocrx_word' id='word_1_120' title='bbox 3203 1584 3498 1649; x_wconf 90' lang='lat' dir='ltr'><strong>omnibus</strong></span> <span class='ocrx_word' id='word_1_121' title='bbox 3542 1584 3832 1648; x_wconf 91' lang='lat' dir='ltr'><strong>barbaris</strong></span> <span class='ocrx_word' id='word_1_122' title='bbox 3878 1583 4073 1648; x_wconf 90' lang='lat' dir='ltr'><strong>Gothi</strong></span> <span class='ocrx_word' id='word_1_123' title='bbox 4119 1583 4377 1666; x_wconf 90' lang='lat' dir='ltr'><strong>sapien-</strong></span> 
     </span>
    </p>
   </div>
   <div class='ocr_carea' id='block_1_6' title="bbox 993 2210 1062 2268">
    <p class='ocr_par' dir='ltr' id='par_1_7' title="bbox 993 2210 1062 2268">
     <span class='ocr_line' id='line_1_13' title="bbox 993 2210 1062 2268; baseline 0 0"><span class='ocrx_word' id='word_1_124' title='bbox 993 2210 1062 2268; x_wconf 85' lang='grc'><strong>41</strong></span> 
     </span>
    </p>
   </div>
   <div class='ocr_carea' id='block_1_7' title="bbox 1117 1686 4378 2082">
    <p class='ocr_par' dir='ltr' id='par_1_8' title="bbox 1117 1686 4378 2082">
     <span class='ocr_line' id='line_1_14' title="bbox 1117 1686 4376 1771; baseline -0.001 -18"><span class='ocrx_word' id='word_1_125' title='bbox 1117 1689 1312 1753; x_wconf 91' lang='lat' dir='ltr'><strong>tiores</strong></span> <span class='ocrx_word' id='word_1_126' title='bbox 1358 1707 1613 1771; x_wconf 87' lang='lat' dir='ltr'><strong>semper</strong></span> <span class='ocrx_word' id='word_1_127' title='bbox 1656 1687 2006 1752; x_wconf 88' lang='lat' dir='ltr'><strong>extiterunt</strong></span> <span class='ocrx_word' id='word_1_128' title='bbox 2050 1686 2404 1767; x_wconf 89' lang='lat' dir='ltr'><strong>Grecisque</strong></span> <span class='ocrx_word' id='word_1_129' title='bbox 2451 1707 2617 1770; x_wconf 91' lang='lat' dir='ltr'><strong>pene</strong></span> <span class='ocrx_word' id='word_1_130' title='bbox 2662 1686 3055 1769; x_wconf 79' lang='lat' dir='ltr'><strong>consimiles,</strong></span> <span class='ocrx_word' id='word_1_131' title='bbox 3109 1695 3182 1752; x_wconf 93' lang='lat' dir='ltr'><strong>ut</strong></span> <span class='ocrx_word' id='word_1_132' title='bbox 3223 1686 3420 1751; x_wconf 88' lang='lat' dir='ltr'><strong>refert</strong></span> <span class='ocrx_word' id='word_1_133' title='bbox 3464 1686 3607 1767; x_wconf 91' lang='lat' dir='ltr'><strong>Dio,</strong></span> <span class='ocrx_word' id='word_1_134' title='bbox 3659 1687 3771 1769; x_wconf 92' lang='lat' dir='ltr'><strong>qui</strong></span> <span class='ocrx_word' id='word_1_135' title='bbox 3816 1686 4117 1751; x_wconf 87' lang='lat' dir='ltr'><strong>historias</strong></span> <span class='ocrx_word' id='word_1_136' title='bbox 4160 1707 4376 1750; x_wconf 90' lang='lat' dir='ltr'><strong>eorum</strong></span> 
     </span>
     <span class='ocr_line' id='line_1_15' title="bbox 1118 1789 4377 1875; baseline -0.001 -19"><span class='ocrx_word' id='word_1_137' title='bbox 1118 1793 1517 1874; x_wconf 88' lang='lat' dir='ltr'><strong>annalesque</strong></span> <span class='ocrx_word' id='word_1_138' title='bbox 1578 1790 1785 1856; x_wconf 87' lang='lat' dir='ltr'><strong>Greco</strong></span> <span class='ocrx_word' id='word_1_139' title='bbox 1842 1790 1994 1855; x_wconf 90' lang='lat' dir='ltr'><strong>stilo</strong></span> <span class='ocrx_word' id='word_1_140' title='bbox 2053 1790 2431 1874; x_wconf 88' lang='lat' dir='ltr'><strong>composuit.</strong></span> <span class='ocrx_word' id='word_1_141' title='bbox 2525 1790 2635 1872; x_wconf 90' lang='lat' dir='ltr'><strong>qui</strong></span> <span class='ocrx_word' id='word_1_142' title='bbox 2693 1789 2852 1855; x_wconf 91' lang='lat' dir='ltr'><strong>dicit</strong></span> <span class='ocrx_word' id='word_1_143' title='bbox 2908 1790 3181 1875; x_wconf 93' lang='lat' dir='ltr'><strong>primum</strong></span> <span class='ocrx_word' id='word_1_144' title='bbox 3227 1791 3764 1872; x_wconf 75' lang='lat' dir='ltr'><strong>TarabosteseOS,</strong></span> <span class='ocrx_word' id='word_1_145' title='bbox 3832 1789 4063 1856; x_wconf 90' lang='lat' dir='ltr'><strong>deinde</strong></span> <span class='ocrx_word' id='word_1_146' title='bbox 4121 1797 4377 1854; x_wconf 81' lang='lat' dir='ltr'><strong>vocatos</strong></span> 
     </span>
     <span class='ocr_line' id='line_1_16' title="bbox 1119 1893 4378 1977; baseline -0.001 -18"><span class='ocrx_word' id='word_1_147' title='bbox 1119 1896 1429 1960; x_wconf 88' lang='lat' dir='ltr'><strong>Pilleatos</strong></span> <span class='ocrx_word' id='word_1_148' title='bbox 1473 1894 1627 1976; x_wconf 89' lang='lat' dir='ltr'><strong>hos,</strong></span> <span class='ocrx_word' id='word_1_149' title='bbox 1693 1895 1801 1977; x_wconf 91' lang='lat' dir='ltr'><strong>qui</strong></span> <span class='ocrx_word' id='word_1_150' title='bbox 1846 1894 2014 1959; x_wconf 91' lang='lat' dir='ltr'><strong>inter</strong></span> <span class='ocrx_word' id='word_1_151' title='bbox 2057 1913 2170 1958; x_wconf 90' lang='lat' dir='ltr'><strong>eos</strong></span> <span class='ocrx_word' id='word_1_152' title='bbox 2216 1894 2514 1977; x_wconf 84' lang='lat' dir='ltr'><strong>generosi</strong></span> <span class='ocrx_word' id='word_1_153' title='bbox 2559 1894 2901 1975; x_wconf 85' lang='lat' dir='ltr'><strong>extabant,</strong></span> <span class='ocrx_word' id='word_1_154' title='bbox 2976 1915 3056 1958; x_wconf 87' lang='lat' dir='ltr'><strong>ex</strong></span> <span class='ocrx_word' id='word_1_155' title='bbox 3115 1893 3347 1977; x_wconf 90' lang='lat' dir='ltr'><strong>quibus</strong></span> <span class='ocrx_word' id='word_1_156' title='bbox 3405 1894 3502 1960; x_wconf 90' lang='lat' dir='ltr'><strong>eis</strong></span> <span class='ocrx_word' id='word_1_157' title='bbox 3562 1900 3628 1958; x_wconf 92' lang='lat' dir='ltr'><strong>et</strong></span> <span class='ocrx_word' id='word_1_158' title='bbox 3672 1913 3861 1976; x_wconf 84' lang='lat' dir='ltr'><strong>reges</strong></span> <span class='ocrx_word' id='word_1_159' title='bbox 3904 1901 3971 1958; x_wconf 92' lang='lat' dir='ltr'><strong>et</strong></span> <span class='ocrx_word' id='word_1_160' title='bbox 4012 1893 4378 1958; x_wconf 88' lang='lat' dir='ltr'><strong>sacerdotes</strong></span> 
     </span>
     <span class='ocr_line' id='line_1_17' title="bbox 1117 1996 4376 2082; baseline -0.002 -18"><span class='ocrx_word' id='word_1_161' title='bbox 1117 1999 1671 2082; x_wconf 59' lang='lat' dir='ltr'><strong>ordinabanturlj.</strong></span> <span class='ocrx_word' id='word_1_162' title='bbox 1764 1998 1930 2064; x_wconf 90' lang='lat' dir='ltr'><strong>adeo</strong></span> <span class='ocrx_word' id='word_1_163' title='bbox 1975 2018 2131 2079; x_wconf 86' lang='lat' dir='ltr'><strong>ergo</strong></span> <span class='ocrx_word' id='word_1_164' title='bbox 2178 1996 2358 2062; x_wconf 85' lang='lat' dir='ltr'><strong>fuere</strong></span> <span class='ocrx_word' id='word_1_165' title='bbox 2403 1998 2651 2063; x_wconf 89' lang='lat' dir='ltr'><strong>laudati</strong></span> <span class='ocrx_word' id='word_1_166' title='bbox 2696 1998 2979 2079; x_wconf 87' lang='lat' dir='ltr'><strong>Gaetae,</strong></span> <span class='ocrx_word' id='word_1_167' title='bbox 3048 2005 3117 2062; x_wconf 94' lang='lat' dir='ltr'><strong>ut</strong></span> <span class='ocrx_word' id='word_1_168' title='bbox 3163 1996 3404 2062; x_wconf 90' lang='lat' dir='ltr'><strong>dudum</strong></span> <span class='ocrx_word' id='word_1_169' title='bbox 3453 1997 3757 2076; x_wconf 83' lang='lat' dir='ltr'><strong>Martem,</strong></span> <span class='ocrx_word' id='word_1_170' title='bbox 3809 2017 3998 2080; x_wconf 91' lang='lat' dir='ltr'><strong>quem</strong></span> <span class='ocrx_word' id='word_1_171' title='bbox 4045 2004 4376 2080; x_wconf 87' lang='lat' dir='ltr'><strong>poetarum</strong></span> 
     </span>
    </p>
   </div>
   <div class='ocr_carea' id='block_1_8' title="bbox 1117 2099 4482 2185">
    <p class='ocr_par' dir='ltr' id='par_1_9' title="bbox 1117 2099 4482 2185">
     <span class='ocr_line' id='line_1_18' title="bbox 1117 2099 4482 2185; baseline -0.002 -20"><span class='ocrx_word' id='word_1_172' title='bbox 1117 2101 1382 2167; x_wconf 86' lang='lat' dir='ltr'><strong>fallacia</strong></span> <span class='ocrx_word' id='word_1_173' title='bbox 1427 2099 1618 2165; x_wconf 92' lang='lat' dir='ltr'><strong>deum</strong></span> <span class='ocrx_word' id='word_1_174' title='bbox 1662 2101 1820 2166; x_wconf 91' lang='lat' dir='ltr'><strong>belli</strong></span> <span class='ocrx_word' id='word_1_175' title='bbox 1864 2101 2266 2184; x_wconf 87' lang='lat' dir='ltr'><strong>pronuntiat,</strong></span> <span class='ocrx_word' id='word_1_176' title='bbox 2331 2101 2508 2185; x_wconf 92' lang='lat' dir='ltr'><strong>apud</strong></span> <span class='ocrx_word' id='word_1_177' title='bbox 2553 2122 2664 2165; x_wconf 92' lang='lat' dir='ltr'><strong>eos</strong></span> <span class='ocrx_word' id='word_1_178' title='bbox 2710 2100 2912 2165; x_wconf 85' lang='lat' dir='ltr'><strong>fuisse</strong></span> <span class='ocrx_word' id='word_1_179' title='bbox 2957 2101 3176 2165; x_wconf 85' lang='lat' dir='ltr'><strong>dicant</strong></span> <span class='ocrx_word' id='word_1_180' title='bbox 3217 2108 3529 2165; x_wconf 87' lang='lat' dir='ltr'><strong>exortum.</strong></span> <span class='ocrx_word' id='word_1_181' title='bbox 3623 2099 3793 2164; x_wconf 90' lang='lat' dir='ltr'><strong>unde</strong></span> <span class='ocrx_word' id='word_1_182' title='bbox 3837 2108 3904 2165; x_wconf 93' lang='lat' dir='ltr'><strong>et</strong></span> <span class='ocrx_word' id='word_1_183' title='bbox 3944 2100 4269 2183; x_wconf 83' lang='lat' dir='ltr'><strong>Vergilius</strong></span> <span class='ocrx_word' id='word_1_184' title='bbox 4286 2103 4365 2181; x_wconf 83' lang='lat'><strong>²):</strong></span> <span class='ocrx_word' id='word_1_185' title='bbox 4456 2122 4482 2157; x_wconf 71' lang='lat' dir='ltr'><strong>z,</strong></span> 
     </span>
    </p>
   </div>
   <div class='ocr_carea' id='block_1_9' title="bbox 1117 2202 4382 2599">
    <p class='ocr_par' dir='ltr' id='par_1_10' title="bbox 1117 2202 4382 2599">
     <span class='ocr_line' id='line_1_19' title="bbox 1127 2202 4377 2289; baseline -0.001 -21"><span class='ocrx_word' id='word_1_186' title='bbox 1127 2204 1627 2287; x_wconf 87' lang='lat' dir='ltr'><strong>‘gradivumque</strong></span> <span class='ocrx_word' id='word_1_187' title='bbox 1671 2212 1939 2288; x_wconf 89' lang='lat' dir='ltr'><strong>patrem,</strong></span> <span class='ocrx_word' id='word_1_188' title='bbox 1995 2203 2240 2268; x_wconf 84' lang='lat' dir='ltr'><strong>Geticis</strong></span> <span class='ocrx_word' id='word_1_189' title='bbox 2286 2204 2395 2288; x_wconf 91' lang='lat' dir='ltr'><strong>qui</strong></span> <span class='ocrx_word' id='word_1_190' title='bbox 2439 2204 2765 2289; x_wconf 87' lang='lat' dir='ltr'><strong>praesidet</strong></span> <span class='ocrx_word' id='word_1_191' title='bbox 2810 2204 3038 2269; x_wconf 80' lang='lat' dir='ltr'><strong>arvis&#39;.</strong></span> <span class='ocrx_word' id='word_1_192' title='bbox 3126 2223 3313 2286; x_wconf 92' lang='lat' dir='ltr'><strong>quem</strong></span> <span class='ocrx_word' id='word_1_193' title='bbox 3345 2203 3612 2268; x_wconf 88' lang='lat' dir='ltr'><strong>Martem</strong></span> <span class='ocrx_word' id='word_1_194' title='bbox 3646 2202 3842 2268; x_wconf 87' lang='lat' dir='ltr'><strong>Gothi</strong></span> <span class='ocrx_word' id='word_1_195' title='bbox 3873 2221 4127 2286; x_wconf 90' lang='lat' dir='ltr'><strong>semper</strong></span> <span class='ocrx_word' id='word_1_196' title='bbox 4154 2223 4377 2286; x_wconf 88' lang='lat' dir='ltr'><strong>asper-</strong></span> 
     </span>
     <span class='ocr_line' id='line_1_20' title="bbox 1117 2305 4377 2392; baseline -0.001 -20"><span class='ocrx_word' id='word_1_197' title='bbox 1117 2308 1279 2372; x_wconf 90' lang='lat' dir='ltr'><strong>rima</strong></span> <span class='ocrx_word' id='word_1_198' title='bbox 1321 2307 1663 2392; x_wconf 86' lang='lat' dir='ltr'><strong>placavere</strong></span> <span class='ocrx_word' id='word_1_199' title='bbox 1708 2307 1957 2371; x_wconf 90' lang='lat' dir='ltr'><strong>cultura</strong></span> <span class='ocrx_word' id='word_1_200' title='bbox 2013 2311 2176 2390; x_wconf 90' lang='lat' dir='ltr'><strong>(nam</strong></span> <span class='ocrx_word' id='word_1_201' title='bbox 2230 2307 2528 2373; x_wconf 86' lang='lat' dir='ltr'><strong>victimae</strong></span> <span class='ocrx_word' id='word_1_202' title='bbox 2574 2307 2712 2373; x_wconf 89' lang='lat' dir='ltr'><strong>eius</strong></span> <span class='ocrx_word' id='word_1_203' title='bbox 2758 2314 2994 2372; x_wconf 89' lang='lat' dir='ltr'><strong>mortes</strong></span> <span class='ocrx_word' id='word_1_204' title='bbox 3041 2306 3219 2371; x_wconf 87' lang='lat' dir='ltr'><strong>fuere</strong></span> <span class='ocrx_word' id='word_1_205' title='bbox 3254 2308 3634 2390; x_wconf 88' lang='lat' dir='ltr'><strong>captorum),</strong></span> <span class='ocrx_word' id='word_1_206' title='bbox 3686 2305 4022 2391; x_wconf 88' lang='lat' dir='ltr'><strong>opinantes</strong></span> <span class='ocrx_word' id='word_1_207' title='bbox 4065 2306 4377 2371; x_wconf 89' lang='lat' dir='ltr'><strong>bellorum</strong></span> 
     </span>
     <span class='ocr_line' id='line_1_21' title="bbox 1118 2407 4380 2497; baseline -0.001 -21"><span class='ocrx_word' id='word_1_208' title='bbox 1118 2411 1484 2497; x_wconf 90' lang='lat' dir='ltr'><strong>praesulem</strong></span> <span class='ocrx_word' id='word_1_209' title='bbox 1530 2417 1682 2495; x_wconf 88' lang='lat' dir='ltr'><strong>apte</strong></span> <span class='ocrx_word' id='word_1_210' title='bbox 1725 2410 1991 2475; x_wconf 89' lang='lat' dir='ltr'><strong>humani</strong></span> <span class='ocrx_word' id='word_1_211' title='bbox 2039 2411 2375 2494; x_wconf 85' lang='lat' dir='ltr'><strong>sanguinis</strong></span> <span class='ocrx_word' id='word_1_212' title='bbox 2420 2411 2733 2477; x_wconf 88' lang='lat' dir='ltr'><strong>effusione</strong></span> <span class='ocrx_word' id='word_1_213' title='bbox 2777 2410 3192 2496; x_wconf 89' lang='lat' dir='ltr'><strong>placandum.</strong></span> <span class='ocrx_word' id='word_1_214' title='bbox 3287 2409 3438 2474; x_wconf 90' lang='lat' dir='ltr'><strong>huic</strong></span> <span class='ocrx_word' id='word_1_215' title='bbox 3495 2410 3732 2494; x_wconf 90' lang='lat' dir='ltr'><strong>praede</strong></span> <span class='ocrx_word' id='word_1_216' title='bbox 3792 2407 4141 2494; x_wconf 89' lang='lat' dir='ltr'><strong>primordia</strong></span> <span class='ocrx_word' id='word_1_217' title='bbox 4184 2429 4380 2473; x_wconf 80' lang='lat' dir='ltr'><strong>vove-</strong></span> 
     </span>
     <span class='ocr_line' id='line_1_22' title="bbox 1119 2512 4382 2599; baseline -0.001 -20"><span class='ocrx_word' id='word_1_218' title='bbox 1119 2515 1368 2597; x_wconf 88' lang='lat' dir='ltr'><strong>bantur,</strong></span> <span class='ocrx_word' id='word_1_219' title='bbox 1417 2513 1569 2579; x_wconf 92' lang='lat' dir='ltr'><strong>huic</strong></span> <span class='ocrx_word' id='word_1_220' title='bbox 1615 2513 1858 2579; x_wconf 88' lang='lat' dir='ltr'><strong>truncis</strong></span> <span class='ocrx_word' id='word_1_221' title='bbox 1904 2514 2466 2599; x_wconf 88' lang='lat' dir='ltr'><strong>suspendebantur</strong></span> <span class='ocrx_word' id='word_1_222' title='bbox 2510 2514 2809 2595; x_wconf 83' lang='lat' dir='ltr'><strong>exubiae,</strong></span> <span class='ocrx_word' id='word_1_223' title='bbox 2870 2520 3138 2596; x_wconf 90' lang='lat' dir='ltr'><strong>eratque</strong></span> <span class='ocrx_word' id='word_1_224' title='bbox 3180 2513 3314 2578; x_wconf 90' lang='lat' dir='ltr'><strong>illis</strong></span> <span class='ocrx_word' id='word_1_225' title='bbox 3358 2513 3689 2596; x_wconf 81' lang='lat' dir='ltr'><strong>religionis</strong></span> <span class='ocrx_word' id='word_1_226' title='bbox 3733 2519 3945 2597; x_wconf 88' lang='lat' dir='ltr'><strong>preter</strong></span> <span class='ocrx_word' id='word_1_227' title='bbox 3988 2520 4233 2577; x_wconf 89' lang='lat' dir='ltr'><strong>ceteros</strong></span> <span class='ocrx_word' id='word_1_228' title='bbox 4278 2512 4382 2577; x_wconf 91' lang='lat' dir='ltr'><strong>in-</strong></span> 
     </span>
    </p>
   </div>
   <div class='ocr_carea' id='block_1_10' title="bbox 991 2614 4378 2702">
    <p class='ocr_par' dir='ltr' id='par_1_11' title="bbox 991 2614 4378 2702">
     <span class='ocr_line' id='line_1_23' title="bbox 991 2614 4378 2702; baseline -0.001 -20"><span class='ocrx_word' id='word_1_229' title='bbox 991 2624 1076 2683; x_wconf 81' lang='lat'><strong>42</strong></span> <span class='ocrx_word' id='word_1_230' title='bbox 1121 2618 1415 2683; x_wconf 87' lang='lat' dir='ltr'><strong>sinuatus</strong></span> <span class='ocrx_word' id='word_1_231' title='bbox 1472 2618 1773 2697; x_wconf 88' lang='lat' dir='ltr'><strong>affectus,</strong></span> <span class='ocrx_word' id='word_1_232' title='bbox 1842 2638 1987 2682; x_wconf 91' lang='lat' dir='ltr'><strong>cum</strong></span> <span class='ocrx_word' id='word_1_233' title='bbox 2047 2618 2298 2702; x_wconf 89' lang='lat' dir='ltr'><strong>parenti</strong></span> <span class='ocrx_word' id='word_1_234' title='bbox 2355 2618 2607 2683; x_wconf 82' lang='lat' dir='ltr'><strong>devotio</strong></span> <span class='ocrx_word' id='word_1_235' title='bbox 2666 2618 2949 2683; x_wconf 90' lang='lat' dir='ltr'><strong>numinis</strong></span> <span class='ocrx_word' id='word_1_236' title='bbox 3007 2616 3335 2683; x_wconf 83' lang='lat' dir='ltr'><strong>videretur</strong></span> <span class='ocrx_word' id='word_1_237' title='bbox 3392 2615 3677 2700; x_wconf 90' lang='lat' dir='ltr'><strong>inpendi.</strong></span> <span class='ocrx_word' id='word_1_238' title='bbox 3768 2615 3960 2680; x_wconf 88' lang='lat' dir='ltr'><strong>tertia</strong></span> <span class='ocrx_word' id='word_1_239' title='bbox 4016 2636 4168 2680; x_wconf 82' lang='lat' dir='ltr'><strong>vero</strong></span> <span class='ocrx_word' id='word_1_240' title='bbox 4222 2614 4378 2681; x_wconf 90' lang='lat' dir='ltr'><strong>sede</strong></span> 
     </span>
    </p>
   </div>
   <div class='ocr_carea' id='block_1_11' title="bbox 1119 2719 4369 2806">
    <p class='ocr_par' dir='ltr' id='par_1_12' title="bbox 1119 2719 4369 2806">
     <span class='ocr_line' id='line_1_24' title="bbox 1119 2719 4369 2806; baseline -0 -21"><span class='ocrx_word' id='word_1_241' title='bbox 1119 2740 1312 2805; x_wconf 88' lang='lat' dir='ltr'><strong>super</strong></span> <span class='ocrx_word' id='word_1_242' title='bbox 1371 2740 1548 2783; x_wconf 90' lang='lat' dir='ltr'><strong>mare</strong></span> <span class='ocrx_word' id='word_1_243' title='bbox 1593 2720 1924 2785; x_wconf 89' lang='lat' dir='ltr'><strong>Ponticum</strong></span> <span class='ocrx_word' id='word_1_244' title='bbox 1983 2721 2112 2786; x_wconf 88' lang='lat' dir='ltr'><strong>iam</strong></span> <span class='ocrx_word' id='word_1_245' title='bbox 2175 2721 2589 2787; x_wconf 90' lang='lat' dir='ltr'><strong>humaniores</strong></span> <span class='ocrx_word' id='word_1_246' title='bbox 2649 2729 2744 2799; x_wconf 78' lang='lat' dir='ltr'><strong>et,</strong></span> <span class='ocrx_word' id='word_1_247' title='bbox 2812 2728 2884 2787; x_wconf 91' lang='lat' dir='ltr'><strong>ut</strong></span> <span class='ocrx_word' id='word_1_248' title='bbox 2927 2721 3223 2806; x_wconf 87' lang='lat' dir='ltr'><strong>superius</strong></span> <span class='ocrx_word' id='word_1_249' title='bbox 3269 2720 3580 2800; x_wconf 84' lang='lat' dir='ltr'><strong>diximus,</strong></span> <span class='ocrx_word' id='word_1_250' title='bbox 3649 2719 4093 2804; x_wconf 88' lang='lat' dir='ltr'><strong>prudentiores</strong></span> <span class='ocrx_word' id='word_1_251' title='bbox 4137 2720 4369 2800; x_wconf 88' lang='lat' dir='ltr'><strong>effecti,</strong></span> 
     </span>
    </p>
   </div>
   <div class='ocr_carea' id='block_1_12' title="bbox 1118 2822 4379 2992">
    <p class='ocr_par' dir='ltr' id='par_1_13' title="bbox 1118 2822 4379 2992">
     <span class='ocr_line' id='line_1_25' title="bbox 1119 2822 4379 2910; baseline -0 -23"><span class='ocrx_word' id='word_1_252' title='bbox 1119 2823 1313 2888; x_wconf 86' lang='lat' dir='ltr'><strong>divisi</strong></span> <span class='ocrx_word' id='word_1_253' title='bbox 1371 2843 1488 2907; x_wconf 90' lang='lat' dir='ltr'><strong>per</strong></span> <span class='ocrx_word' id='word_1_254' title='bbox 1556 2823 1839 2888; x_wconf 86' lang='lat' dir='ltr'><strong>familias</strong></span> <span class='ocrx_word' id='word_1_255' title='bbox 1904 2824 2160 2910; x_wconf 91' lang='lat' dir='ltr'><strong>populi,</strong></span> <span class='ocrx_word' id='word_1_256' title='bbox 2234 2824 2643 2909; x_wconf 82' lang='lat' dir='ltr'><strong>vesegothae</strong></span> <span class='ocrx_word' id='word_1_257' title='bbox 2707 2824 2999 2890; x_wconf 85' lang='lat' dir='ltr'><strong>familiae</strong></span> <span class='ocrx_word' id='word_1_258' title='bbox 3059 2824 3463 2905; x_wconf 91' lang='lat' dir='ltr'><strong>Balthorum,</strong></span> <span class='ocrx_word' id='word_1_259' title='bbox 3538 2822 3964 2905; x_wconf 84' lang='lat' dir='ltr'><strong>Ostrogothae</strong></span> <span class='ocrx_word' id='word_1_260' title='bbox 4031 2822 4379 2906; x_wconf 88' lang='lat' dir='ltr'><strong>praeclaris</strong></span> 
     </span>
     <span class='ocr_line' id='line_1_26' title="bbox 1118 2926 1807 2992; baseline 0 -2"><span class='ocrx_word' id='word_1_261' title='bbox 1118 2927 1367 2992; x_wconf 89' lang='lat' dir='ltr'><strong>Amalis</strong></span> <span class='ocrx_word' id='word_1_262' title='bbox 1412 2926 1807 2992; x_wconf 83' lang='lat' dir='ltr'><strong>serviebant.</strong></span> 
     </span>
    </p>
   </div>
   <div class='ocr_carea' id='block_1_13' title="bbox 1288 3136 2433 3198">
    <p class='ocr_par' dir='ltr' id='par_1_14' title="bbox 1288 3136 2433 3198">
     <span class='ocr_line' id='line_1_27' title="bbox 1288 3136 2433 3198; baseline 0.002 -14"><span class='ocrx_word' id='word_1_263' title='bbox 1288 3136 2433 3198; x_wconf 71' lang='lat' dir='ltr'><strong>HPVLAOBX(YZ)Freculfusl.c.</strong></span> 
     </span>
    </p>
   </div>
   <div class='ocr_carea' id='block_1_14' title="bbox 1115 3255 4384 4187">
    <p class='ocr_par' dir='ltr' id='par_1_15' title="bbox 1294 3255 4341 3324">
     <span class='ocr_line' id='line_1_28' title="bbox 1294 3255 4341 3324; baseline -0.001 -18"><span class='ocrx_word' id='word_1_264' title='bbox 1294 3257 1316 3306; x_wconf 91' lang='lat'>1</span> <span class='ocrx_word' id='word_1_265' title='bbox 1357 3255 1468 3324; x_wconf 91' lang='lat' dir='ltr'><strong>qui]</strong></span> <span class='ocrx_word' id='word_1_266' title='bbox 1504 3271 1632 3319; x_wconf 87' lang='lat' dir='ltr'><strong>quae</strong></span> <span class='ocrx_word' id='word_1_267' title='bbox 1658 3258 1699 3303; x_wconf 99' lang='lat' dir='ltr'><strong>A</strong></span> <span class='ocrx_word' id='word_1_268' title='bbox 1911 3255 2184 3323; x_wconf 88' lang='lat' dir='ltr'><strong>seruitute]</strong></span> <span class='ocrx_word' id='word_1_269' title='bbox 2211 3258 2417 3319; x_wconf 81' lang='lat' dir='ltr'><strong>HPVO,</strong></span> <span class='ocrx_word' id='word_1_270' title='bbox 2460 3260 2758 3306; x_wconf 81' lang='lat' dir='ltr'><strong>seruitutem</strong></span> <span class='ocrx_word' id='word_1_271' title='bbox 2786 3257 3022 3306; x_wconf 78' lang='lat' dir='ltr'><em>LABXY</em></span> <span class='ocrx_word' id='word_1_272' title='bbox 3224 3260 3281 3305; x_wconf 90' lang='lat' dir='ltr'><strong>in</strong></span> <span class='ocrx_word' id='word_1_273' title='bbox 3313 3272 3413 3306; x_wconf 86' lang='lat' dir='ltr'><strong>om.</strong></span> <span class='ocrx_word' id='word_1_274' title='bbox 3443 3258 3486 3304; x_wconf 91' lang='lat' dir='ltr'><strong>A</strong></span> <span class='ocrx_word' id='word_1_275' title='bbox 3696 3257 3727 3305; x_wconf 86' lang='lat'><strong>2</strong></span> <span class='ocrx_word' id='word_1_276' title='bbox 3765 3258 3942 3305; x_wconf 83' lang='lat' dir='ltr'><strong>oaualli</strong></span> <span class='ocrx_word' id='word_1_277' title='bbox 3973 3257 4035 3316; x_wconf 89' lang='grc' dir='ltr'><strong>Ο,</strong></span> <span class='ocrx_word' id='word_1_278' title='bbox 4074 3258 4240 3304; x_wconf 87' lang='lat' dir='ltr'><strong>cabilli</strong></span> <span class='ocrx_word' id='word_1_279' title='bbox 4266 3256 4313 3302; x_wconf 85' lang='lat' dir='ltr'><em>P</em></span> <span class='ocrx_word' id='word_1_280' title='bbox 4338 3278 4341 3281; x_wconf 42' lang='lat'>*</span> 
     </span>
    </p>

    <p class='ocr_par' dir='ltr' id='par_1_16' title="bbox 1115 3341 4384 4101">
     <span class='ocr_line' id='line_1_29' title="bbox 1115 3341 4379 3410; baseline -0.001 -17"><span class='ocrx_word' id='word_1_281' title='bbox 1115 3362 1143 3393; x_wconf 88' lang='lat' dir='ltr'><strong>a</strong></span> <span class='ocrx_word' id='word_1_282' title='bbox 1179 3341 1415 3410; x_wconf 83' lang='lat' dir='ltr'><strong>quodam]</strong></span> <span class='ocrx_word' id='word_1_283' title='bbox 1451 3344 1694 3406; x_wconf 84' lang='lat' dir='ltr'><strong>quandam</strong></span> <span class='ocrx_word' id='word_1_284' title='bbox 1727 3343 1787 3404; x_wconf 91' lang='lat' dir='ltr'><strong>O,</strong></span> <span class='ocrx_word' id='word_1_285' title='bbox 1829 3344 2074 3405; x_wconf 83' lang='lat' dir='ltr'><strong>quondam</strong></span> <span class='ocrx_word' id='word_1_286' title='bbox 2105 3345 2150 3392; x_wconf 95' lang='grc' dir='ltr'><strong>Β</strong></span> <span class='ocrx_word' id='word_1_287' title='bbox 2361 3351 2529 3393; x_wconf 88' lang='lat' dir='ltr'><strong>nostro</strong></span> <span class='ocrx_word' id='word_1_288' title='bbox 2555 3342 2700 3410; x_wconf 88' lang='lat' dir='ltr'><strong>urbe]</strong></span> <span class='ocrx_word' id='word_1_289' title='bbox 2737 3344 2945 3405; x_wconf 81' lang='lat' dir='ltr'><strong>HPVO,</strong></span> <span class='ocrx_word' id='word_1_290' title='bbox 2989 3351 3157 3393; x_wconf 86' lang='lat' dir='ltr'><strong>nostro</strong></span> <span class='ocrx_word' id='word_1_291' title='bbox 3180 3347 3296 3392; x_wconf 88' lang='lat' dir='ltr'><strong>orbe</strong></span> <span class='ocrx_word' id='word_1_292' title='bbox 3325 3344 3463 3393; x_wconf 77' lang='lat' dir='ltr'><strong>LBX</strong></span> <span class='ocrx_word' id='word_1_293' title='bbox 3474 3343 3525 3405; x_wconf 71' lang='lat'><strong>1⁷,</strong></span> <span class='ocrx_word' id='word_1_294' title='bbox 3568 3350 3737 3392; x_wconf 83' lang='lat' dir='ltr'><strong>nostra</strong></span> <span class='ocrx_word' id='word_1_295' title='bbox 3760 3345 3883 3392; x_wconf 90' lang='lat' dir='ltr'><strong>urbe</strong></span> <span class='ocrx_word' id='word_1_296' title='bbox 3908 3345 3951 3390; x_wconf 94' lang='lat' dir='ltr'><strong>A</strong></span> <span class='ocrx_word' id='word_1_297' title='bbox 4160 3342 4190 3390; x_wconf 84' lang='lat'>3</span> <span class='ocrx_word' id='word_1_298' title='bbox 4228 3357 4379 3404; x_wconf 81' lang='lat' dir='ltr'><strong>quarn</strong></span> 
     </span>
     <span class='ocr_line' id='line_1_30' title="bbox 1115 3428 4373 3496; baseline -0.001 -18"><span class='ocrx_word' id='word_1_299' title='bbox 1115 3428 1271 3496; x_wconf 90' lang='lat' dir='ltr'><strong>quod]</strong></span> <span class='ocrx_word' id='word_1_300' title='bbox 1306 3445 1456 3492; x_wconf 84' lang='lat' dir='ltr'><strong>quam</strong></span> <span class='ocrx_word' id='word_1_301' title='bbox 1495 3438 1552 3478; x_wconf 89' lang='lat' dir='ltr'><strong>nt</strong></span> <span class='ocrx_word' id='word_1_302' title='bbox 1589 3433 1652 3493; x_wconf 90' lang='lat' dir='ltr'><em>A,</em></span> <span class='ocrx_word' id='word_1_303' title='bbox 1692 3444 1978 3492; x_wconf 77' lang='lat' dir='ltr'><strong>quanquam</strong></span> <span class='ocrx_word' id='word_1_304' title='bbox 2020 3431 2160 3478; x_wconf 82' lang='grc' dir='ltr'><strong>ΧΥΖ</strong></span> <span class='ocrx_word' id='word_1_305' title='bbox 2368 3440 2574 3480; x_wconf 88' lang='lat' dir='ltr'><strong>exortus</strong></span> <span class='ocrx_word' id='word_1_306' title='bbox 2618 3432 2675 3490; x_wconf 85' lang='lat' dir='ltr'><strong>P,</strong></span> <span class='ocrx_word' id='word_1_307' title='bbox 2717 3433 2949 3480; x_wconf 80' lang='lat' dir='ltr'><strong>exhortes</strong></span> <span class='ocrx_word' id='word_1_308' title='bbox 2995 3432 3035 3477; x_wconf 88' lang='lat' dir='ltr'><strong><em>V</em></strong></span> <span class='ocrx_word' id='word_1_309' title='bbox 3239 3432 3486 3492; x_wconf 79' lang='lat' dir='ltr'><strong>obstrepit</strong></span> <span class='ocrx_word' id='word_1_310' title='bbox 3520 3431 3581 3491; x_wconf 93' lang='grc' dir='ltr'><strong>Β,</strong></span> <span class='ocrx_word' id='word_1_311' title='bbox 3623 3434 3879 3494; x_wconf 84' lang='lat' dir='ltr'><strong>obstrepet</strong></span> <span class='ocrx_word' id='word_1_312' title='bbox 3916 3432 4055 3477; x_wconf 80' lang='lat' dir='ltr'><em>AXY</em></span> <span class='ocrx_word' id='word_1_313' title='bbox 4258 3431 4373 3477; x_wconf 84' lang='lat' dir='ltr'><strong>lect.</strong></span> 
     </span>
     <span class='ocr_line' id='line_1_31' title="bbox 1117 3514 4380 3582; baseline -0 -17"><span class='ocrx_word' id='word_1_314' title='bbox 1117 3524 1218 3580; x_wconf 91' lang='lat' dir='ltr'><strong>pot.</strong></span> <span class='ocrx_word' id='word_1_315' title='bbox 1266 3519 1310 3564; x_wconf 90' lang='lat' dir='ltr'><strong><em>B</em></strong></span> <span class='ocrx_word' id='word_1_316' title='bbox 1565 3517 1597 3565; x_wconf 79' lang='lat'>4</span> <span class='ocrx_word' id='word_1_317' title='bbox 1633 3518 1978 3565; x_wconf 80' lang='lat' dir='ltr'><strong>consentimus</strong></span> <span class='ocrx_word' id='word_1_318' title='bbox 2017 3552 2262 3567; x_wconf 91' lang='lat'><strong>......</strong></span> <span class='ocrx_word' id='word_1_319' title='bbox 2303 3521 2357 3565; x_wconf 90' lang='lat' dir='ltr'><strong>in</strong></span> <span class='ocrx_word' id='word_1_320' title='bbox 2395 3520 2555 3580; x_wconf 84' lang='lat' dir='ltr'><strong>prima</strong></span> <span class='ocrx_word' id='word_1_321' title='bbox 2594 3519 2713 3566; x_wconf 87' lang='lat' dir='ltr'><strong>sede</strong></span> <span class='ocrx_word' id='word_1_322' title='bbox 2751 3533 2820 3567; x_wconf 87' lang='lat' dir='ltr'><strong>sc.</strong></span> <span class='ocrx_word' id='word_1_323' title='bbox 2867 3519 2954 3576; x_wconf 84' lang='lat' dir='ltr'><strong>(sc.</strong></span> <span class='ocrx_word' id='word_1_324' title='bbox 2986 3518 3105 3566; x_wconf 90' lang='lat' dir='ltr'><strong>sede</strong></span> <span class='ocrx_word' id='word_1_325' title='bbox 3134 3519 3195 3578; x_wconf 82' lang='lat' dir='ltr'><strong>A)</strong></span> <span class='ocrx_word' id='word_1_326' title='bbox 3239 3514 3407 3582; x_wconf 88' lang='lat' dir='ltr'><strong>iuxta]</strong></span> <span class='ocrx_word' id='word_1_327' title='bbox 3442 3518 3790 3565; x_wconf 79' lang='lat' dir='ltr'><strong>contendimus</strong></span> <span class='ocrx_word' id='word_1_328' title='bbox 3826 3519 3983 3579; x_wconf 89' lang='lat' dir='ltr'><strong>prima</strong></span> <span class='ocrx_word' id='word_1_329' title='bbox 4018 3518 4135 3564; x_wconf 88' lang='lat' dir='ltr'><strong>sede</strong></span> <span class='ocrx_word' id='word_1_330' title='bbox 4172 3517 4380 3564; x_wconf 74' lang='lat' dir='ltr'><strong>scithiae</strong></span> 
     </span>
     <span class='ocr_line' id='line_1_32' title="bbox 1123 3603 4383 3667; baseline -0 -17"><span class='ocrx_word' id='word_1_331' title='bbox 1123 3604 1362 3664; x_wconf 59' lang='lat' dir='ltr'><strong>(scythiae</strong></span> <span class='ocrx_word' id='word_1_332' title='bbox 1381 3603 1441 3665; x_wconf 97' lang='grc' dir='ltr'><strong>Β)</strong></span> <span class='ocrx_word' id='word_1_333' title='bbox 1474 3609 1533 3651; x_wconf 87' lang='lat' dir='ltr'><strong>ut</strong></span> <span class='ocrx_word' id='word_1_334' title='bbox 1556 3616 1671 3662; x_wconf 80' lang='lat' dir='ltr'><strong>ergo</strong></span> <span class='ocrx_word' id='word_1_335' title='bbox 1696 3603 1755 3650; x_wconf 83' lang='lat' dir='ltr'><strong>ad</strong></span> <span class='ocrx_word' id='word_1_336' title='bbox 1782 3610 2007 3651; x_wconf 89' lang='lat' dir='ltr'><strong>nostrum</strong></span> <span class='ocrx_word' id='word_1_337' title='bbox 2033 3605 2088 3651; x_wconf 91' lang='lat' dir='ltr'><strong>in</strong></span> <span class='ocrx_word' id='word_1_338' title='bbox 2121 3606 2190 3663; x_wconf 88' lang='lat' dir='ltr'><strong>(in</strong></span> <span class='ocrx_word' id='word_1_339' title='bbox 2217 3620 2315 3652; x_wconf 85' lang='lat' dir='ltr'><strong>om.</strong></span> <span class='ocrx_word' id='word_1_340' title='bbox 2342 3604 2401 3666; x_wconf 93' lang='grc' dir='ltr'><strong>Β)</strong></span> <span class='ocrx_word' id='word_1_341' title='bbox 2435 3606 2740 3666; x_wconf 87' lang='lat' dir='ltr'><strong>propisitum</strong></span> <span class='ocrx_word' id='word_1_342' title='bbox 2770 3606 2987 3667; x_wconf 83' lang='lat' dir='ltr'><strong>(propos.</strong></span> <span class='ocrx_word' id='word_1_343' title='bbox 3017 3605 3080 3665; x_wconf 89' lang='grc' dir='ltr'><strong>Β)</strong></span> <span class='ocrx_word' id='word_1_344' title='bbox 3109 3607 3372 3653; x_wconf 89' lang='lat' dir='ltr'><strong>redeamus</strong></span> <span class='ocrx_word' id='word_1_345' title='bbox 3397 3605 3473 3652; x_wconf 86' lang='lat' dir='ltr'><strong>hii</strong></span> <span class='ocrx_word' id='word_1_346' title='bbox 3502 3605 3573 3667; x_wconf 91' lang='lat' dir='ltr'><strong>(hi</strong></span> <span class='ocrx_word' id='word_1_347' title='bbox 3600 3604 3659 3666; x_wconf 90' lang='lat' dir='ltr'><strong>B)</strong></span> <span class='ocrx_word' id='word_1_348' title='bbox 3691 3605 3833 3651; x_wconf 86' lang='lat' dir='ltr'><strong>iuxta</strong></span> <span class='ocrx_word' id='word_1_349' title='bbox 3861 3603 3952 3651; x_wconf 88' lang='lat' dir='ltr'><strong>OB</strong></span> <span class='ocrx_word' id='word_1_350' title='bbox 4137 3603 4166 3650; x_wconf 85' lang='lat'>5</span> <span class='ocrx_word' id='word_1_351' title='bbox 4202 3603 4383 3650; x_wconf 87' lang='lat' dir='ltr'><strong>meoti-</strong></span> 
     </span>
     <span class='ocr_line' id='line_1_33' title="bbox 1116 3687 4384 3756; baseline -0.001 -17"><span class='ocrx_word' id='word_1_352' title='bbox 1116 3687 1253 3756; x_wconf 88' lang='lat' dir='ltr'><strong>dem]</strong></span> <span class='ocrx_word' id='word_1_353' title='bbox 1291 3705 1359 3740; x_wconf 91' lang='lat' dir='ltr'><strong>m.</strong></span> <span class='ocrx_word' id='word_1_354' title='bbox 1386 3691 1619 3752; x_wconf 87' lang='lat' dir='ltr'><strong>paludem</strong></span> <span class='ocrx_word' id='word_1_355' title='bbox 1647 3690 1830 3737; x_wconf 82' lang='grc' dir='ltr'><em>ΑΧΥΖ</em></span> <span class='ocrx_word' id='word_1_356' title='bbox 2038 3690 2070 3739; x_wconf 84' lang='grc'><strong>6</strong></span> <span class='ocrx_word' id='word_1_357' title='bbox 2107 3692 2298 3739; x_wconf 83' lang='lat' dir='ltr'><strong>sslemer</strong></span> <span class='ocrx_word' id='word_1_358' title='bbox 2323 3691 2366 3738; x_wconf 93' lang='lat' dir='ltr'><em>L</em></span> <span class='ocrx_word' id='word_1_359' title='bbox 2576 3698 2863 3740; x_wconf 83' lang='lat' dir='ltr'><strong>nuscuntur</strong></span> <span class='ocrx_word' id='word_1_360' title='bbox 2887 3691 2933 3738; x_wconf 87' lang='lat' dir='ltr'><strong><em>P</em></strong></span> <span class='ocrx_word' id='word_1_361' title='bbox 2947 3694 3138 3752; x_wconf 76' lang='lat' dir='ltr'><strong>possim</strong></span> <span class='ocrx_word' id='word_1_362' title='bbox 3347 3691 3566 3739; x_wconf 86' lang='lat' dir='ltr'><strong>secundo</strong></span> <span class='ocrx_word' id='word_1_363' title='bbox 3595 3689 3685 3737; x_wconf 88' lang='lat' dir='ltr'><strong>OB</strong></span> <span class='ocrx_word' id='word_1_364' title='bbox 3916 3689 3943 3737; x_wconf 85' lang='lat'>7</span> <span class='ocrx_word' id='word_1_365' title='bbox 3984 3690 4300 3750; x_wconf 77' lang='lat' dir='ltr'><strong>thraciaeque</strong></span> <span class='ocrx_word' id='word_1_366' title='bbox 4323 3697 4384 3735; x_wconf 89' lang='lat' dir='ltr'><strong>et</strong></span> 
     </span>
     <span class='ocr_line' id='line_1_34' title="bbox 1120 3772 4383 3843; baseline -0.001 -19"><span class='ocrx_word' id='word_1_367' title='bbox 1120 3772 1331 3841; x_wconf 78' lang='lat' dir='ltr'><strong>mysiae]</strong></span> <span class='ocrx_word' id='word_1_368' title='bbox 1365 3777 1643 3838; x_wconf 85' lang='lat' dir='ltr'><strong>tratiaeque</strong></span> <span class='ocrx_word' id='word_1_369' title='bbox 1679 3785 1732 3825; x_wconf 92' lang='lat' dir='ltr'><strong>et</strong></span> <span class='ocrx_word' id='word_1_370' title='bbox 1768 3778 1956 3824; x_wconf 85' lang='lat' dir='ltr'><strong>mesiae</strong></span> <span class='ocrx_word' id='word_1_371' title='bbox 1998 3776 2057 3838; x_wconf 92' lang='lat' dir='ltr'><strong>O,</strong></span> <span class='ocrx_word' id='word_1_372' title='bbox 2099 3777 2318 3825; x_wconf 84' lang='lat' dir='ltr'><strong>thraciae</strong></span> <span class='ocrx_word' id='word_1_373' title='bbox 2355 3778 2671 3838; x_wconf 82' lang='lat' dir='ltr'><strong>moesiaeque</strong></span> <span class='ocrx_word' id='word_1_374' title='bbox 2710 3778 2753 3824; x_wconf 90' lang='lat' dir='ltr'><strong>A</strong></span> <span class='ocrx_word' id='word_1_375' title='bbox 3010 3773 3291 3843; x_wconf 81' lang='lat' dir='ltr'><strong>zalmoxen]</strong></span> <span class='ocrx_word' id='word_1_376' title='bbox 3326 3777 3662 3825; x_wconf 79' lang='lat' dir='ltr'><strong><em>HPVLBXY</em></strong></span> <span class='ocrx_word' id='word_1_377' title='bbox 3682 3778 3841 3837; x_wconf 64' lang='lat' dir='ltr'><strong>lvi-eo„</strong></span> <span class='ocrx_word' id='word_1_378' title='bbox 3883 3777 4127 3824; x_wconf 83' lang='lat' dir='ltr'><strong>zalmosen</strong></span> <span class='ocrx_word' id='word_1_379' title='bbox 4171 3775 4230 3837; x_wconf 91' lang='grc' dir='ltr'><strong>Ο,</strong></span> <span class='ocrx_word' id='word_1_380' title='bbox 4272 3777 4383 3822; x_wconf 84' lang='lat' dir='ltr'><strong>zal-</strong></span> 
     </span>
     <span class='ocr_line' id='line_1_35' title="bbox 1120 3850 4383 3929; baseline -0.001 -19"><span class='ocrx_word' id='word_1_381' title='bbox 1120 3877 1303 3912; x_wconf 88' lang='lat' dir='ltr'><strong>monen</strong></span> <span class='ocrx_word' id='word_1_382' title='bbox 1340 3861 1434 3924; x_wconf 80' lang='lat' dir='ltr'><em>A‘,</em></span> <span class='ocrx_word' id='word_1_383' title='bbox 1476 3863 1726 3911; x_wconf 69' lang='lat' dir='ltr'><strong>zalmoxen</strong></span> <span class='ocrx_word' id='word_1_384' title='bbox 1766 3850 1837 3909; x_wconf 62' lang='lat' dir='ltr'><strong>Ab</strong></span> <span class='ocrx_word' id='word_1_385' title='bbox 2045 3863 2385 3925; x_wconf 78' lang='lat' dir='ltr'><strong>philosophiae</strong></span> <span class='ocrx_word' id='word_1_386' title='bbox 2421 3860 2522 3929; x_wconf 90' lang='lat' dir='ltr'><strong>er.]</strong></span> <span class='ocrx_word' id='word_1_387' title='bbox 2557 3863 2921 3911; x_wconf 74' lang='lat' dir='ltr'><em>HPVLAOX⁸</em></span> <span class='ocrx_word' id='word_1_388' title='bbox 2947 3863 3106 3925; x_wconf 62' lang='lat' dir='ltr'><strong>Free„</strong></span> <span class='ocrx_word' id='word_1_389' title='bbox 3148 3864 3515 3925; x_wconf 79' lang='lat' dir='ltr'><strong>philosophicae</strong></span> <span class='ocrx_word' id='word_1_390' title='bbox 3552 3878 3624 3912; x_wconf 91' lang='lat' dir='ltr'><strong>er.</strong></span> <span class='ocrx_word' id='word_1_391' title='bbox 3665 3851 3833 3910; x_wconf 70' lang='grc' dir='ltr'><strong>ΒΧῙὟ</strong></span> <span class='ocrx_word' id='word_1_392' title='bbox 4048 3861 4079 3910; x_wconf 85' lang='grc'>8</span> <span class='ocrx_word' id='word_1_393' title='bbox 4115 3867 4383 3909; x_wconf 83' lang='lat' dir='ltr'><strong>tentantur</strong></span> 
     </span>
     <span class='ocr_line' id='line_1_36' title="bbox 1128 3944 4383 4013; baseline -0.001 -17"><span class='ocrx_word' id='word_1_394' title='bbox 1128 3950 1167 3996; x_wconf 78' lang='lat' dir='ltr'><em>V</em></span> <span class='ocrx_word' id='word_1_395' title='bbox 1373 3949 1564 4011; x_wconf 77' lang='lat' dir='ltr'><strong>letique</strong></span> <span class='ocrx_word' id='word_1_396' title='bbox 1606 3949 1649 3995; x_wconf 99' lang='lat' dir='ltr'><strong><em>O</em></strong></span> <span class='ocrx_word' id='word_1_397' title='bbox 1858 3949 2113 3997; x_wconf 85' lang='lat' dir='ltr'><strong>annalium</strong></span> <span class='ocrx_word' id='word_1_398' title='bbox 2149 3964 2247 3998; x_wconf 87' lang='lat' dir='ltr'><strong>om.</strong></span> <span class='ocrx_word' id='word_1_399' title='bbox 2286 3950 2329 3996; x_wconf 90' lang='lat' dir='ltr'><strong>A</strong></span> <span class='ocrx_word' id='word_1_400' title='bbox 2541 3957 2739 3999; x_wconf 78' lang='lat' dir='ltr'><strong>zeutem</strong></span> <span class='ocrx_word' id='word_1_401' title='bbox 2778 3951 2913 3999; x_wconf 70' lang='lat' dir='ltr'><strong>Prae.</strong></span> <span class='ocrx_word' id='word_1_402' title='bbox 3129 3952 3350 4013; x_wconf 88' lang='lat' dir='ltr'><strong>primum</strong></span> <span class='ocrx_word' id='word_1_403' title='bbox 3388 3950 3435 3997; x_wconf 98' lang='lat' dir='ltr'><strong>A</strong></span> <span class='ocrx_word' id='word_1_404' title='bbox 3642 3949 3674 3998; x_wconf 88' lang='lat'>9</span> <span class='ocrx_word' id='word_1_405' title='bbox 3709 3949 3958 3997; x_wconf 87' lang='lat' dir='ltr'><strong>eruditam</strong></span> <span class='ocrx_word' id='word_1_406' title='bbox 3998 3948 4041 3994; x_wconf 99' lang='lat' dir='ltr'><strong><em>O</em></strong></span> <span class='ocrx_word' id='word_1_407' title='bbox 4247 3944 4383 4012; x_wconf 84' lang='lat' dir='ltr'><strong>post]</strong></span> 
     </span>
     <span class='ocr_line' id='line_1_37' title="bbox 1121 4032 4302 4101; baseline -0.001 -18"><span class='ocrx_word' id='word_1_408' title='bbox 1121 4040 1203 4097; x_wconf 88' lang='lat' dir='ltr'><strong>pst</strong></span> <span class='ocrx_word' id='word_1_409' title='bbox 1239 4036 1282 4083; x_wconf 93' lang='lat' dir='ltr'><em>L</em></span> <span class='ocrx_word' id='word_1_410' title='bbox 1491 4032 1769 4101; x_wconf 83' lang='lat' dir='ltr'><strong>dicineum]</strong></span> <span class='ocrx_word' id='word_1_411' title='bbox 1806 4034 1904 4081; x_wconf 82' lang='grc' dir='ltr'><strong>ΗΡ</strong></span> <span class='ocrx_word' id='word_1_412' title='bbox 1918 4035 2156 4097; x_wconf 78' lang='lat' dir='ltr'><em>VAXYZ,</em></span> <span class='ocrx_word' id='word_1_413' title='bbox 2199 4037 2449 4084; x_wconf 86' lang='lat' dir='ltr'><strong>dicinium</strong></span> <span class='ocrx_word' id='word_1_414' title='bbox 2489 4035 2551 4098; x_wconf 88' lang='lat' dir='ltr'><strong>L,</strong></span> <span class='ocrx_word' id='word_1_415' title='bbox 2592 4037 2856 4085; x_wconf 85' lang='lat' dir='ltr'><strong>diceneum</strong></span> <span class='ocrx_word' id='word_1_416' title='bbox 2883 4038 2943 4098; x_wconf 92' lang='grc' dir='ltr'><strong>Β,</strong></span> <span class='ocrx_word' id='word_1_417' title='bbox 2986 4036 3224 4085; x_wconf 88' lang='lat' dir='ltr'><strong>dcentum</strong></span> <span class='ocrx_word' id='word_1_418' title='bbox 3259 4038 3358 4098; x_wconf 78' lang='lat' dir='ltr'><strong>(sic)</strong></span> <span class='ocrx_word' id='word_1_419' title='bbox 3395 4035 3467 4083; x_wconf 88' lang='lat' dir='ltr'><strong>O:</strong></span> <span class='ocrx_word' id='word_1_420' title='bbox 3504 4036 3746 4094; x_wconf 81' lang='lat' dir='ltr'><strong>dycineus</strong></span> <span class='ocrx_word' id='word_1_421' title='bbox 3780 4038 3878 4083; x_wconf 76' lang='lat' dir='ltr'><strong>sive</strong></span> <span class='ocrx_word' id='word_1_422' title='bbox 3914 4035 4134 4083; x_wconf 86' lang='lat' dir='ltr'><strong>dicinius</strong></span> <span class='ocrx_word' id='word_1_423' title='bbox 4172 4035 4302 4082; x_wconf 74' lang='lat' dir='ltr'><strong>Free.</strong></span> 
     </span>
    </p>

    <p class='ocr_par' dir='ltr' id='par_1_17' title="bbox 1120 4117 4383 4187">
     <span class='ocr_line' id='line_1_38' title="bbox 1120 4117 4383 4187; baseline -0 -19"><span class='ocrx_word' id='word_1_424' title='bbox 1120 4117 1401 4187; x_wconf 79' lang='lat' dir='ltr'><strong>zalmoxen]</strong></span> <span class='ocrx_word' id='word_1_425' title='bbox 1436 4121 1720 4168; x_wconf 75' lang='lat' dir='ltr'><strong><em>HPVBXY</em></strong></span> <span class='ocrx_word' id='word_1_426' title='bbox 1743 4122 1903 4181; x_wconf 63' lang='lat' dir='ltr'><strong>Frem,</strong></span> <span class='ocrx_word' id='word_1_427' title='bbox 1944 4122 2203 4170; x_wconf 88' lang='lat' dir='ltr'><strong>dalmoxen</strong></span> <span class='ocrx_word' id='word_1_428' title='bbox 2243 4123 2302 4184; x_wconf 89' lang='lat' dir='ltr'><strong>L,</strong></span> <span class='ocrx_word' id='word_1_429' title='bbox 2347 4124 2645 4171; x_wconf 84' lang='lat' dir='ltr'><strong>zalimoxem</strong></span> <span class='ocrx_word' id='word_1_430' title='bbox 2687 4122 2747 4184; x_wconf 92' lang='lat' dir='ltr'><strong>O,</strong></span> <span class='ocrx_word' id='word_1_431' title='bbox 2792 4125 3045 4171; x_wconf 87' lang='lat' dir='ltr'><strong>zalmozen</strong></span> <span class='ocrx_word' id='word_1_432' title='bbox 3082 4124 3123 4169; x_wconf 99' lang='lat' dir='ltr'><em>A</em></span> <span class='ocrx_word' id='word_1_433' title='bbox 3250 4129 3261 4144; x_wconf 88' lang='lat'><strong>·</strong></span> <span class='ocrx_word' id='word_1_434' title='bbox 3333 4124 3566 4184; x_wconf 88' lang='lat' dir='ltr'><strong>superius</strong></span> <span class='ocrx_word' id='word_1_435' title='bbox 3602 4138 3701 4171; x_wconf 85' lang='lat' dir='ltr'><strong>om.</strong></span> <span class='ocrx_word' id='word_1_436' title='bbox 3743 4123 3787 4168; x_wconf 90' lang='lat' dir='ltr'><strong>A</strong></span> <span class='ocrx_word' id='word_1_437' title='bbox 4034 4120 4096 4169; x_wconf 90' lang='lat'><strong>10</strong></span> <span class='ocrx_word' id='word_1_438' title='bbox 4132 4121 4383 4182; x_wconf 84' lang='lat' dir='ltr'><strong>sapientia</strong></span> 
     </span>
    </p>
   </div>
   <div class='ocr_carea' id='block_1_15' title="bbox 1073 4207 4384 4282">
    <p class='ocr_par' dir='ltr' id='par_1_18' title="bbox 1073 4195 4384 4282">
     <span class='ocr_line' id='line_1_39' title="bbox 1073 4207 4384 4282; baseline -0 -28"><span class='ocrx_word' id='word_1_439' title='bbox 1073 4277 1085 4282; x_wconf 70' lang='lat'><em>‚</em></span> <span class='ocrx_word' id='word_1_440' title='bbox 1121 4210 1164 4254; x_wconf 98' lang='lat' dir='ltr'><strong>A</strong></span> <span class='ocrx_word' id='word_1_441' title='bbox 1372 4209 1501 4256; x_wconf 89' lang='lat' dir='ltr'><strong>bene</strong></span> <span class='ocrx_word' id='word_1_442' title='bbox 1539 4207 1582 4255; x_wconf 88' lang='lat' dir='ltr'><strong><em>L</em></strong></span> <span class='ocrx_word' id='word_1_443' title='bbox 1789 4209 1955 4269; x_wconf 75' lang='lat' dir='ltr'><strong>gothis</strong></span> <span class='ocrx_word' id='word_1_444' title='bbox 1993 4209 2048 4256; x_wconf 82' lang='grc' dir='ltr'><em>Η</em></span> <span class='ocrx_word' id='word_1_445' title='bbox 2269 4211 2591 4272; x_wconf 79' lang='lat' dir='ltr'><strong>sapientioris</strong></span> <span class='ocrx_word' id='word_1_446' title='bbox 2626 4209 2725 4257; x_wconf 81' lang='grc' dir='ltr'><strong>ΗΡ</strong></span> <span class='ocrx_word' id='word_1_447' title='bbox 2970 4209 3027 4258; x_wconf 96' lang='grc'><strong>11</strong></span> <span class='ocrx_word' id='word_1_448' title='bbox 3071 4222 3268 4271; x_wconf 87' lang='lat' dir='ltr'><strong>semper</strong></span> <span class='ocrx_word' id='word_1_449' title='bbox 3303 4223 3400 4258; x_wconf 88' lang='lat' dir='ltr'><strong>om.</strong></span> <span class='ocrx_word' id='word_1_450' title='bbox 3440 4209 3486 4256; x_wconf 89' lang='lat' dir='ltr'><em>A</em></span> <span class='ocrx_word' id='word_1_451' title='bbox 3711 4209 3863 4257; x_wconf 78' lang='lat' dir='ltr'><strong>retret</strong></span> <span class='ocrx_word' id='word_1_452' title='bbox 3902 4207 3945 4254; x_wconf 94' lang='lat' dir='ltr'><strong><em>O</em></strong></span> <span class='ocrx_word' id='word_1_453' title='bbox 4150 4208 4384 4254; x_wconf 74' lang='lat' dir='ltr'><strong>historias</strong></span> 
     </span>
    </p>
   </div>
   <div class='ocr_carea' id='block_1_16' title="bbox 1119 4290 4391 5221">
    <p class='ocr_par' dir='ltr' id='par_1_19' title="bbox 1119 4290 4391 5221">
     <span class='ocr_line' id='line_1_40' title="bbox 1119 4290 4385 4384; baseline -0.001 -42"><span class='ocrx_word' id='word_1_454' title='bbox 1119 4307 1287 4342; x_wconf 89' lang='lat' dir='ltr'><strong>eorum</strong></span> <span class='ocrx_word' id='word_1_455' title='bbox 1324 4290 1656 4361; x_wconf 81' lang='lat' dir='ltr'><strong>annalesque]</strong></span> <span class='ocrx_word' id='word_1_456' title='bbox 1692 4309 1860 4344; x_wconf 90' lang='lat' dir='ltr'><strong>eorum</strong></span> <span class='ocrx_word' id='word_1_457' title='bbox 1898 4298 2106 4345; x_wconf 89' lang='lat' dir='ltr'><strong>annales</strong></span> <span class='ocrx_word' id='word_1_458' title='bbox 2142 4296 2188 4343; x_wconf 89' lang='lat' dir='ltr'><em>A</em></span> <span class='ocrx_word' id='word_1_459' title='bbox 2414 4295 2474 4344; x_wconf 86' lang='lat'><strong>12</strong></span> <span class='ocrx_word' id='word_1_460' title='bbox 2511 4293 2650 4361; x_wconf 88' lang='lat' dir='ltr'><strong>stilo]</strong></span> <span class='ocrx_word' id='word_1_461' title='bbox 2686 4309 2914 4345; x_wconf 86' lang='lat' dir='ltr'><strong>sermone</strong></span> <span class='ocrx_word' id='word_1_462' title='bbox 2952 4298 2997 4343; x_wconf 93' lang='lat' dir='ltr'><em>A</em></span> <span class='ocrx_word' id='word_1_463' title='bbox 3068 4343 3085 4384; x_wconf 89' lang='lat' dir='ltr'><strong>i</strong></span> <span class='ocrx_word' id='word_1_464' title='bbox 3207 4296 3343 4344; x_wconf 84' lang='lat' dir='ltr'><strong>dixit</strong></span> <span class='ocrx_word' id='word_1_465' title='bbox 3383 4295 3475 4342; x_wconf 88' lang='lat' dir='ltr'><strong>OB</strong></span> <span class='ocrx_word' id='word_1_466' title='bbox 3683 4297 4037 4343; x_wconf 82' lang='lat' dir='ltr'><strong>tarabostereos</strong></span> <span class='ocrx_word' id='word_1_467' title='bbox 4078 4292 4137 4355; x_wconf 92' lang='lat' dir='ltr'><strong>O,</strong></span> <span class='ocrx_word' id='word_1_468' title='bbox 4181 4294 4385 4340; x_wconf 86' lang='lat' dir='ltr'><strong>zarabo-</strong></span> 
     </span>
     <span class='ocr_line' id='line_1_41' title="bbox 1121 4376 4384 4447; baseline -0.001 -18"><span class='ocrx_word' id='word_1_469' title='bbox 1121 4386 1310 4429; x_wconf 86' lang='lat' dir='ltr'><strong>stereos</strong></span> <span class='ocrx_word' id='word_1_470' title='bbox 1336 4381 1397 4442; x_wconf 90' lang='lat' dir='ltr'><strong>B,</strong></span> <span class='ocrx_word' id='word_1_471' title='bbox 1439 4384 1709 4430; x_wconf 88' lang='lat' dir='ltr'><strong>strabostes</strong></span> <span class='ocrx_word' id='word_1_472' title='bbox 1743 4396 1827 4430; x_wconf 87' lang='lat' dir='ltr'><strong>eos</strong></span> <span class='ocrx_word' id='word_1_473' title='bbox 1856 4381 1913 4443; x_wconf 87' lang='lat' dir='ltr'><strong>L,</strong></span> <span class='ocrx_word' id='word_1_474' title='bbox 1957 4383 2266 4431; x_wconf 87' lang='lat' dir='ltr'><strong>thorabostes</strong></span> <span class='ocrx_word' id='word_1_475' title='bbox 2304 4397 2390 4432; x_wconf 87' lang='lat' dir='ltr'><strong>eos</strong></span> <span class='ocrx_word' id='word_1_476' title='bbox 2438 4383 2516 4429; x_wconf 85' lang='lat' dir='ltr'><strong>YZ</strong></span> <span class='ocrx_word' id='word_1_477' title='bbox 2757 4383 2929 4432; x_wconf 88' lang='lat' dir='ltr'><strong>teinde</strong></span> <span class='ocrx_word' id='word_1_478' title='bbox 2966 4382 3022 4443; x_wconf 93' lang='lat' dir='ltr'><strong>P,</strong></span> <span class='ocrx_word' id='word_1_479' title='bbox 3064 4383 3250 4444; x_wconf 87' lang='lat' dir='ltr'><strong>qeinde</strong></span> <span class='ocrx_word' id='word_1_480' title='bbox 3294 4385 3393 4443; x_wconf 68' lang='lat' dir='ltr'><strong>(sic)</strong></span> <span class='ocrx_word' id='word_1_481' title='bbox 3439 4384 3482 4428; x_wconf 88' lang='lat' dir='ltr'><em>A</em></span> <span class='ocrx_word' id='word_1_482' title='bbox 3692 4376 3913 4447; x_wconf 84' lang='lat' dir='ltr'><strong>uocatos]</strong></span> <span class='ocrx_word' id='word_1_483' title='bbox 3952 4381 4199 4442; x_wconf 82' lang='lat' dir='ltr'><em>HPVLA,</em></span> <span class='ocrx_word' id='word_1_484' title='bbox 4240 4381 4384 4428; x_wconf 83' lang='lat' dir='ltr'><strong>uoci-</strong></span> 
     </span>
     <span class='ocr_line' id='line_1_42' title="bbox 1121 4464 4380 4534; baseline -0.001 -19"><span class='ocrx_word' id='word_1_485' title='bbox 1121 4472 1250 4515; x_wconf 79' lang='lat' dir='ltr'><strong>tatos</strong></span> <span class='ocrx_word' id='word_1_486' title='bbox 1292 4465 1477 4514; x_wconf 76' lang='lat' dir='ltr'><strong><em>OBXY</em></strong></span> <span class='ocrx_word' id='word_1_487' title='bbox 1685 4467 1746 4517; x_wconf 84' lang='grc'><strong>13</strong></span> <span class='ocrx_word' id='word_1_488' title='bbox 1783 4465 1897 4534; x_wconf 90' lang='lat' dir='ltr'><strong>hos]</strong></span> <span class='ocrx_word' id='word_1_489' title='bbox 1931 4470 2010 4517; x_wconf 87' lang='lat' dir='ltr'><strong>his</strong></span> <span class='ocrx_word' id='word_1_490' title='bbox 2041 4468 2083 4516; x_wconf 97' lang='lat' dir='ltr'><strong><em>O</em></strong></span> <span class='ocrx_word' id='word_1_491' title='bbox 2296 4469 2355 4517; x_wconf 71' lang='lat'><strong>1⁴</strong></span> <span class='ocrx_word' id='word_1_492' title='bbox 2394 4469 2757 4517; x_wconf 87' lang='lat' dir='ltr'><strong>ordinabuntur</strong></span> <span class='ocrx_word' id='word_1_493' title='bbox 2800 4469 2844 4517; x_wconf 95' lang='lat' dir='ltr'><strong><em>O</em></strong></span> <span class='ocrx_word' id='word_1_494' title='bbox 3051 4482 3168 4530; x_wconf 79' lang='lat' dir='ltr'><strong>ergo</strong></span> <span class='ocrx_word' id='word_1_495' title='bbox 3205 4483 3304 4518; x_wconf 87' lang='lat' dir='ltr'><strong>om.</strong></span> <span class='ocrx_word' id='word_1_496' title='bbox 3332 4469 3375 4515; x_wconf 90' lang='lat' dir='ltr'><strong>L</strong></span> <span class='ocrx_word' id='word_1_497' title='bbox 3586 4471 3792 4516; x_wconf 82' lang='lat' dir='ltr'><strong>suerunt</strong></span> <span class='ocrx_word' id='word_1_498' title='bbox 3827 4469 3872 4514; x_wconf 91' lang='lat' dir='ltr'><em>A</em></span> <span class='ocrx_word' id='word_1_499' title='bbox 4079 4464 4272 4532; x_wconf 76' lang='lat' dir='ltr'><strong>gastae]</strong></span> <span class='ocrx_word' id='word_1_500' title='bbox 4308 4468 4380 4524; x_wconf 79' lang='grc' dir='ltr'><strong>Η,</strong></span> 
     </span>
     <span class='ocr_line' id='line_1_43' title="bbox 1122 4552 4385 4617; baseline 0.001 -19"><span class='ocrx_word' id='word_1_501' title='bbox 1122 4557 1267 4611; x_wconf 85' lang='lat' dir='ltr'><strong>gaete</strong></span> <span class='ocrx_word' id='word_1_502' title='bbox 1301 4552 1354 4613; x_wconf 88' lang='lat' dir='ltr'><strong>V,</strong></span> <span class='ocrx_word' id='word_1_503' title='bbox 1394 4559 1539 4612; x_wconf 79' lang='lat' dir='ltr'><strong>getae</strong></span> <span class='ocrx_word' id='word_1_504' title='bbox 1575 4555 1667 4602; x_wconf 77' lang='lat' dir='ltr'><strong>rel.</strong></span> <span class='ocrx_word' id='word_1_505' title='bbox 1883 4555 1944 4604; x_wconf 79' lang='lat'><strong>15</strong></span> <span class='ocrx_word' id='word_1_506' title='bbox 1980 4555 2101 4602; x_wconf 86' lang='lat' dir='ltr'><strong>dum</strong></span> <span class='ocrx_word' id='word_1_507' title='bbox 2133 4554 2176 4602; x_wconf 95' lang='lat' dir='ltr'><strong><em>O</em></strong></span> <span class='ocrx_word' id='word_1_508' title='bbox 2386 4555 2558 4602; x_wconf 88' lang='lat' dir='ltr'><strong>dicant</strong></span> <span class='ocrx_word' id='word_1_509' title='bbox 2594 4557 2731 4604; x_wconf 79' lang='lat' dir='ltr'><strong>fuiss</strong></span> <span class='ocrx_word' id='word_1_510' title='bbox 2775 4557 2872 4617; x_wconf 80' lang='lat' dir='ltr'><strong>(sic)</strong></span> <span class='ocrx_word' id='word_1_511' title='bbox 2904 4556 2950 4602; x_wconf 90' lang='lat' dir='ltr'><em>A</em></span> <span class='ocrx_word' id='word_1_512' title='bbox 3158 4557 3370 4604; x_wconf 86' lang='lat' dir='ltr'><strong>uerilius</strong></span> <span class='ocrx_word' id='word_1_513' title='bbox 3402 4554 3462 4614; x_wconf 94' lang='lat' dir='ltr'><strong>O,</strong></span> <span class='ocrx_word' id='word_1_514' title='bbox 3503 4555 3738 4614; x_wconf 82' lang='lat' dir='ltr'><strong>uirgilius</strong></span> <span class='ocrx_word' id='word_1_515' title='bbox 3775 4554 3914 4602; x_wconf 80' lang='lat' dir='ltr'><em>LAX</em></span> <span class='ocrx_word' id='word_1_516' title='bbox 3924 4554 3963 4600; x_wconf 83' lang='lat' dir='ltr'><strong><em>Y</em></strong></span> <span class='ocrx_word' id='word_1_517' title='bbox 4171 4552 4232 4602; x_wconf 78' lang='lat'><strong>16</strong></span> <span class='ocrx_word' id='word_1_518' title='bbox 4266 4567 4385 4612; x_wconf 76' lang='lat' dir='ltr'><strong>gra-</strong></span> 
     </span>
     <span class='ocr_line' id='line_1_44' title="bbox 1125 4638 4387 4704; baseline 0 -19"><span class='ocrx_word' id='word_1_519' title='bbox 1125 4638 1369 4699; x_wconf 89' lang='lat' dir='ltr'><strong>diumque</strong></span> <span class='ocrx_word' id='word_1_520' title='bbox 1405 4638 1549 4685; x_wconf 81' lang='lat' dir='ltr'><strong>HPO</strong></span> <span class='ocrx_word' id='word_1_521' title='bbox 1755 4642 1962 4700; x_wconf 76' lang='lat' dir='ltr'><strong>greticls</strong></span> <span class='ocrx_word' id='word_1_522' title='bbox 2002 4641 2045 4687; x_wconf 99' lang='lat' dir='ltr'><strong><em>O</em></strong></span> <span class='ocrx_word' id='word_1_523' title='bbox 2252 4649 2465 4690; x_wconf 89' lang='lat' dir='ltr'><strong>martem</strong></span> <span class='ocrx_word' id='word_1_524' title='bbox 2500 4656 2598 4690; x_wconf 85' lang='lat' dir='ltr'><strong>om.</strong></span> <span class='ocrx_word' id='word_1_525' title='bbox 2640 4643 2684 4688; x_wconf 88' lang='lat' dir='ltr'><em>A</em></span> <span class='ocrx_word' id='word_1_526' title='bbox 2917 4656 3115 4704; x_wconf 86' lang='lat' dir='ltr'><strong>semper</strong></span> <span class='ocrx_word' id='word_1_527' title='bbox 3149 4656 3248 4690; x_wconf 85' lang='lat' dir='ltr'><strong>om.</strong></span> <span class='ocrx_word' id='word_1_528' title='bbox 3293 4641 3384 4688; x_wconf 89' lang='lat' dir='ltr'><strong>OB</strong></span> <span class='ocrx_word' id='word_1_529' title='bbox 3619 4640 3677 4688; x_wconf 82' lang='lat'><strong>17</strong></span> <span class='ocrx_word' id='word_1_530' title='bbox 3717 4641 3977 4703; x_wconf 80' lang='lat' dir='ltr'><strong>plagauere</strong></span> <span class='ocrx_word' id='word_1_531' title='bbox 4021 4640 4064 4686; x_wconf 99' lang='lat' dir='ltr'><strong><em>O</em></strong></span> <span class='ocrx_word' id='word_1_532' title='bbox 4269 4640 4387 4686; x_wconf 85' lang='lat' dir='ltr'><strong>eius</strong></span> 
     </span>
     <span class='ocr_line' id='line_1_45' title="bbox 1121 4722 4387 4792; baseline 0 -20"><span class='ocrx_word' id='word_1_533' title='bbox 1121 4738 1220 4773; x_wconf 85' lang='lat' dir='ltr'><strong>om.</strong></span> <span class='ocrx_word' id='word_1_534' title='bbox 1257 4724 1298 4772; x_wconf 87' lang='lat' dir='ltr'><strong><em>V</em></strong></span> <span class='ocrx_word' id='word_1_535' title='bbox 1500 4722 1788 4792; x_wconf 81' lang='lat' dir='ltr'><strong>opinantes]</strong></span> <span class='ocrx_word' id='word_1_536' title='bbox 1823 4729 2097 4790; x_wconf 89' lang='lat' dir='ltr'><strong>opinantur</strong></span> <span class='ocrx_word' id='word_1_537' title='bbox 2119 4733 2172 4777; x_wconf 90' lang='lat' dir='ltr'><strong>et</strong></span> <span class='ocrx_word' id='word_1_538' title='bbox 2198 4729 2309 4789; x_wconf 82' lang='grc' dir='ltr'><strong>ΧΖ,</strong></span> <span class='ocrx_word' id='word_1_539' title='bbox 2348 4730 2619 4790; x_wconf 90' lang='lat' dir='ltr'><strong>opinantur</strong></span> <span class='ocrx_word' id='word_1_540' title='bbox 2643 4729 2780 4776; x_wconf 90' lang='lat' dir='ltr'><strong>enim</strong></span> <span class='ocrx_word' id='word_1_541' title='bbox 2818 4728 2858 4775; x_wconf 78' lang='grc' dir='ltr'><strong><em>Υ</em></strong></span> <span class='ocrx_word' id='word_1_542' title='bbox 3065 4726 3127 4777; x_wconf 88' lang='grc'><strong>18</strong></span> <span class='ocrx_word' id='word_1_543' title='bbox 3163 4728 3441 4789; x_wconf 86' lang='lat' dir='ltr'><strong>praesidem</strong></span> <span class='ocrx_word' id='word_1_544' title='bbox 3466 4728 3513 4774; x_wconf 78' lang='grc' dir='ltr'><em>Χ</em></span> <span class='ocrx_word' id='word_1_545' title='bbox 3523 4727 3563 4773; x_wconf 85' lang='lat' dir='ltr'><strong><em>Y</em></strong></span> <span class='ocrx_word' id='word_1_546' title='bbox 3763 4729 3932 4789; x_wconf 89' lang='lat' dir='ltr'><strong>aptius</strong></span> <span class='ocrx_word' id='word_1_547' title='bbox 3964 4726 4054 4774; x_wconf 91' lang='lat' dir='ltr'><strong>OB</strong></span> <span class='ocrx_word' id='word_1_548' title='bbox 4259 4739 4387 4773; x_wconf 86' lang='lat' dir='ltr'><strong>san-</strong></span> 
     </span>
     <span class='ocr_line' id='line_1_46' title="bbox 1122 4811 4387 4880; baseline 0.001 -22"><span class='ocrx_word' id='word_1_549' title='bbox 1122 4812 1294 4870; x_wconf 79' lang='lat' dir='ltr'><strong>guinis</strong></span> <span class='ocrx_word' id='word_1_550' title='bbox 1328 4824 1425 4861; x_wconf 87' lang='lat' dir='ltr'><strong>om.</strong></span> <span class='ocrx_word' id='word_1_551' title='bbox 1466 4812 1511 4857; x_wconf 91' lang='lat' dir='ltr'><em>A</em></span> <span class='ocrx_word' id='word_1_552' title='bbox 1721 4813 2023 4873; x_wconf 79' lang='lat' dir='ltr'><strong>plagandum</strong></span> <span class='ocrx_word' id='word_1_553' title='bbox 2067 4814 2110 4861; x_wconf 94' lang='lat' dir='ltr'><strong><em>O</em></strong></span> <span class='ocrx_word' id='word_1_554' title='bbox 2316 4811 2656 4880; x_wconf 83' lang='lat' dir='ltr'><strong>uouebantur]</strong></span> <span class='ocrx_word' id='word_1_555' title='bbox 2693 4815 3023 4863; x_wconf 82' lang='lat' dir='ltr'><strong>mouebantur</strong></span> <span class='ocrx_word' id='word_1_556' title='bbox 3059 4815 3119 4874; x_wconf 90' lang='grc' dir='ltr'><strong>Β,</strong></span> <span class='ocrx_word' id='word_1_557' title='bbox 3161 4816 3415 4863; x_wconf 88' lang='lat' dir='ltr'><strong>uouebant</strong></span> <span class='ocrx_word' id='word_1_558' title='bbox 3451 4815 3497 4861; x_wconf 88' lang='lat' dir='ltr'><em>A</em></span> <span class='ocrx_word' id='word_1_559' title='bbox 3709 4812 3770 4861; x_wconf 91' lang='grc'><strong>19</strong></span> <span class='ocrx_word' id='word_1_560' title='bbox 3807 4815 3971 4861; x_wconf 85' lang='lat' dir='ltr'><strong>trunci</strong></span> <span class='ocrx_word' id='word_1_561' title='bbox 4009 4815 4055 4861; x_wconf 90' lang='lat' dir='ltr'><strong>A</strong></span> <span class='ocrx_word' id='word_1_562' title='bbox 4261 4814 4387 4860; x_wconf 89' lang='lat' dir='ltr'><strong>sub-</strong></span> 
     </span>
     <span class='ocr_line' id='line_1_47' title="bbox 1125 4897 4389 4965; baseline 0.001 -21"><span class='ocrx_word' id='word_1_563' title='bbox 1125 4897 1476 4957; x_wconf 85' lang='lat' dir='ltr'><strong>pendebantur</strong></span> <span class='ocrx_word' id='word_1_564' title='bbox 1513 4899 1559 4945; x_wconf 86' lang='lat' dir='ltr'><strong><em>P</em></strong></span> <span class='ocrx_word' id='word_1_565' title='bbox 1783 4900 2020 4965; x_wconf 84' lang='lat' dir='ltr'><strong>exubiae]</strong></span> <span class='ocrx_word' id='word_1_566' title='bbox 2057 4899 2264 4961; x_wconf 80' lang='lat' dir='ltr'><strong>HPVO,</strong></span> <span class='ocrx_word' id='word_1_567' title='bbox 2307 4903 2526 4949; x_wconf 87' lang='lat' dir='ltr'><strong>exuuiae</strong></span> <span class='ocrx_word' id='word_1_568' title='bbox 2567 4901 2804 4949; x_wconf 82' lang='lat' dir='ltr'><em>LABXY</em></span> <span class='ocrx_word' id='word_1_569' title='bbox 3009 4902 3224 4961; x_wconf 81' lang='lat' dir='ltr'><strong>regionis</strong></span> <span class='ocrx_word' id='word_1_570' title='bbox 3263 4898 3346 4948; x_wconf 83' lang='lat' dir='ltr'><strong>P·</strong></span> <span class='ocrx_word' id='word_1_571' title='bbox 3555 4913 3632 4961; x_wconf 86' lang='lat' dir='ltr'><strong>pr.</strong></span> <span class='ocrx_word' id='word_1_572' title='bbox 3671 4907 3770 4948; x_wconf 84' lang='lat' dir='ltr'><strong>oet.</strong></span> <span class='ocrx_word' id='word_1_573' title='bbox 3810 4914 3910 4949; x_wconf 87' lang='lat' dir='ltr'><strong>om.</strong></span> <span class='ocrx_word' id='word_1_574' title='bbox 3958 4898 4047 4946; x_wconf 91' lang='lat' dir='ltr'><strong>OB</strong></span> <span class='ocrx_word' id='word_1_575' title='bbox 4252 4900 4389 4946; x_wconf 88' lang='lat' dir='ltr'><strong>insi-</strong></span> 
     </span>
     <span class='ocr_line' id='line_1_48' title="bbox 1126 4983 4389 5049; baseline 0.001 -20"><span class='ocrx_word' id='word_1_576' title='bbox 1126 4989 1305 5031; x_wconf 88' lang='lat' dir='ltr'><strong>nuatos</strong></span> <span class='ocrx_word' id='word_1_577' title='bbox 1345 4983 1388 5029; x_wconf 98' lang='lat' dir='ltr'><strong><em>O</em></strong></span> <span class='ocrx_word' id='word_1_578' title='bbox 1667 4984 1732 5034; x_wconf 83' lang='lat'><strong>20</strong></span> <span class='ocrx_word' id='word_1_579' title='bbox 1769 4988 1980 5035; x_wconf 70' lang='lat' dir='ltr'><strong>effectus</strong></span> <span class='ocrx_word' id='word_1_580' title='bbox 2018 4988 2064 5034; x_wconf 87' lang='lat' dir='ltr'><strong>A</strong></span> <span class='ocrx_word' id='word_1_581' title='bbox 2309 4987 2573 5035; x_wconf 85' lang='lat' dir='ltr'><strong>numinhis</strong></span> <span class='ocrx_word' id='word_1_582' title='bbox 2618 4988 2671 5049; x_wconf 88' lang='lat' dir='ltr'><strong>V,</strong></span> <span class='ocrx_word' id='word_1_583' title='bbox 2713 4989 2933 5036; x_wconf 88' lang='lat' dir='ltr'><strong>nominis</strong></span> <span class='ocrx_word' id='word_1_584' title='bbox 2975 4987 3080 5049; x_wconf 90' lang='lat' dir='ltr'><strong>OB,</strong></span> <span class='ocrx_word' id='word_1_585' title='bbox 3123 4989 3323 5035; x_wconf 87' lang='lat' dir='ltr'><strong>numini</strong></span> <span class='ocrx_word' id='word_1_586' title='bbox 3361 4987 3500 5034; x_wconf 81' lang='lat' dir='ltr'><strong>XYZ</strong></span> <span class='ocrx_word' id='word_1_587' title='bbox 3740 4987 3886 5034; x_wconf 87' lang='lat' dir='ltr'><strong>sedes</strong></span> <span class='ocrx_word' id='word_1_588' title='bbox 3925 4985 4123 5048; x_wconf 76' lang='lat' dir='ltr'><strong>LBXY,</strong></span> <span class='ocrx_word' id='word_1_589' title='bbox 4163 4986 4297 5035; x_wconf 87' lang='lat' dir='ltr'><strong>sedis</strong></span> <span class='ocrx_word' id='word_1_590' title='bbox 4339 4986 4389 5031; x_wconf 88' lang='lat'><em>0</em></span> 
     </span>
     <span class='ocr_line' id='line_1_49' title="bbox 1126 5069 4391 5139; baseline 0 -21"><span class='ocrx_word' id='word_1_591' title='bbox 1126 5069 1187 5118; x_wconf 86' lang='lat'><strong>21</strong></span> <span class='ocrx_word' id='word_1_592' title='bbox 1229 5084 1379 5132; x_wconf 88' lang='lat' dir='ltr'><strong>supra</strong></span> <span class='ocrx_word' id='word_1_593' title='bbox 1417 5071 1461 5116; x_wconf 88' lang='lat' dir='ltr'><strong>A</strong></span> <span class='ocrx_word' id='word_1_594' title='bbox 1489 5071 1623 5119; x_wconf 77' lang='lat' dir='ltr'><strong>Frec.</strong></span> <span class='ocrx_word' id='word_1_595' title='bbox 1836 5070 2095 5139; x_wconf 88' lang='lat' dir='ltr'><strong>superius]</strong></span> <span class='ocrx_word' id='word_1_596' title='bbox 2131 5076 2232 5122; x_wconf 89' lang='lat' dir='ltr'><strong>iam</strong></span> <span class='ocrx_word' id='word_1_597' title='bbox 2270 5075 2314 5120; x_wconf 90' lang='lat' dir='ltr'><strong>A</strong></span> <span class='ocrx_word' id='word_1_598' title='bbox 2523 5074 2752 5122; x_wconf 89' lang='lat' dir='ltr'><strong>diximus</strong></span> <span class='ocrx_word' id='word_1_599' title='bbox 2790 5090 2889 5123; x_wconf 88' lang='lat' dir='ltr'><strong>om.</strong></span> <span class='ocrx_word' id='word_1_600' title='bbox 2921 5072 2963 5120; x_wconf 98' lang='lat' dir='ltr'><strong>L</strong></span> <span class='ocrx_word' id='word_1_601' title='bbox 3172 5072 3237 5121; x_wconf 83' lang='lat'><strong>22</strong></span> <span class='ocrx_word' id='word_1_602' title='bbox 3273 5073 3601 5132; x_wconf 78' lang='lat' dir='ltr'><strong>uessegothae</strong></span> <span class='ocrx_word' id='word_1_603' title='bbox 3625 5074 3688 5135; x_wconf 81' lang='lat' dir='ltr'><strong>X,</strong></span> <span class='ocrx_word' id='word_1_604' title='bbox 3730 5074 4088 5134; x_wconf 76' lang='lat' dir='ltr'><strong>uaessegothae</strong></span> <span class='ocrx_word' id='word_1_605' title='bbox 4117 5073 4174 5132; x_wconf 89' lang='lat' dir='ltr'><strong>Z,</strong></span> <span class='ocrx_word' id='word_1_606' title='bbox 4217 5075 4391 5120; x_wconf 88' lang='lat' dir='ltr'><strong>uuisi-</strong></span> 
     </span>
     <span class='ocr_line' id='line_1_50' title="bbox 1125 5156 2774 5221; baseline 0.002 -18"><span class='ocrx_word' id='word_1_607' title='bbox 1125 5157 1304 5216; x_wconf 80' lang='lat' dir='ltr'><strong>gothae</strong></span> <span class='ocrx_word' id='word_1_608' title='bbox 1351 5156 1405 5216; x_wconf 81' lang='grc' dir='ltr'><strong>Υ,</strong></span> <span class='ocrx_word' id='word_1_609' title='bbox 1445 5159 1716 5217; x_wconf 79' lang='lat' dir='ltr'><strong>uesogothe</strong></span> <span class='ocrx_word' id='word_1_610' title='bbox 1754 5159 1797 5206; x_wconf 93' lang='lat' dir='ltr'><strong>L</strong></span> <span class='ocrx_word' id='word_1_611' title='bbox 2003 5160 2249 5208; x_wconf 83' lang='lat' dir='ltr'><strong>baltorum</strong></span> <span class='ocrx_word' id='word_1_612' title='bbox 2285 5160 2397 5221; x_wconf 91' lang='lat' dir='ltr'><strong>AO,</strong></span> <span class='ocrx_word' id='word_1_613' title='bbox 2440 5161 2691 5207; x_wconf 84' lang='lat' dir='ltr'><strong>balzorum</strong></span> <span class='ocrx_word' id='word_1_614' title='bbox 2728 5161 2774 5207; x_wconf 94' lang='lat' dir='ltr'><strong><em>B</em></strong></span> 
     </span>
    </p>
   </div>
   <div class='ocr_carea' id='block_1_17' title="bbox 3616 5283 3913 5288">
    <p class='ocr_par' dir='ltr' id='par_1_20' title="bbox 3616 5283 3913 5288">
     <span class='ocr_line' id='line_1_51' title="bbox 3616 5283 3913 5288; baseline 0 0"><span class='ocrx_word' id='word_1_615' title='bbox 3616 5283 3913 5288; x_wconf 95' lang='lat' dir='ltr'><strong> </strong></span> 
     </span>
    </p>
   </div>
   <div class='ocr_carea' id='block_1_18' title="bbox 1127 5345 4391 5840">
    <p class='ocr_par' dir='ltr' id='par_1_21' title="bbox 1127 5345 4391 5760">
     <span class='ocr_line' id='line_1_52' title="bbox 1304 5345 4384 5419; baseline 0.001 -25"><span class='ocrx_word' id='word_1_616' title='bbox 1304 5345 1348 5407; x_wconf 87' lang='grc'><strong>1)</strong></span> <span class='ocrx_word' id='word_1_617' title='bbox 1390 5345 1460 5406; x_wconf 80' lang='lat' dir='ltr'><strong>cf.</strong></span> <span class='ocrx_word' id='word_1_618' title='bbox 1505 5347 1603 5396; x_wconf 76' lang='lat' dir='ltr'><strong>Dio</strong></span> <span class='ocrx_word' id='word_1_619' title='bbox 1638 5351 1733 5408; x_wconf 84' lang='grc'><strong>68,</strong></span> <span class='ocrx_word' id='word_1_620' title='bbox 1777 5351 1840 5397; x_wconf 84' lang='lat'><strong>9.-</strong></span> <span class='ocrx_word' id='word_1_621' title='bbox 1905 5345 2194 5418; x_wconf 77' lang='grc' dir='ltr'>ἐπεπόμφει</span> <span class='ocrx_word' id='word_1_622' title='bbox 2242 5347 2337 5417; x_wconf 77' lang='grc' dir='ltr'><strong>μὲν</strong></span> <span class='ocrx_word' id='word_1_623' title='bbox 2388 5351 2701 5412; x_wconf 77' lang='lat' dir='ltr'><strong>(Deeabalus)</strong></span> <span class='ocrx_word' id='word_1_624' title='bbox 2751 5389 2764 5400; x_wconf 93' lang='lat'><strong>.</strong></span> <span class='ocrx_word' id='word_1_625' title='bbox 2799 5388 2809 5399; x_wconf 94' lang='lat'><strong>.</strong></span> <span class='ocrx_word' id='word_1_626' title='bbox 2844 5388 2855 5399; x_wconf 93' lang='lat'><strong>.</strong></span> <span class='ocrx_word' id='word_1_627' title='bbox 2896 5347 3129 5419; x_wconf 75' lang='grc' dir='ltr'><strong>πρέσβεις</strong></span> <span class='ocrx_word' id='word_1_628' title='bbox 3177 5346 3271 5399; x_wconf 69' lang='grc' dir='ltr'><strong>οὐκ</strong></span> <span class='ocrx_word' id='word_1_629' title='bbox 3318 5346 3392 5399; x_wconf 81' lang='grc' dir='ltr'><strong>ἔτι</strong></span> <span class='ocrx_word' id='word_1_630' title='bbox 3436 5355 3539 5400; x_wconf 77' lang='grc' dir='ltr'><strong>τῶν</strong></span> <span class='ocrx_word' id='word_1_631' title='bbox 3585 5354 3846 5417; x_wconf 75' lang='grc' dir='ltr'>κωμητῶν</span> <span class='ocrx_word' id='word_1_632' title='bbox 3895 5348 4064 5418; x_wconf 81' lang='grc' dir='ltr'><strong>ὥσπερ</strong></span> <span class='ocrx_word' id='word_1_633' title='bbox 4113 5347 4384 5417; x_wconf 71' lang='grc' dir='ltr'><strong>πρότερον,</strong></span> 
     </span>
     <span class='ocr_line' id='line_1_53' title="bbox 1127 5428 4391 5506; baseline -0 -25"><span class='ocrx_word' id='word_1_634' title='bbox 1127 5428 1262 5482; x_wconf 78' lang='grc' dir='ltr'>ἀλλὰ</span> <span class='ocrx_word' id='word_1_635' title='bbox 1295 5438 1397 5482; x_wconf 78' lang='grc' dir='ltr'><strong>τῶν</strong></span> <span class='ocrx_word' id='word_1_636' title='bbox 1435 5430 1728 5503; x_wconf 75' lang='grc' dir='ltr'><strong>πιλοφόρων</strong></span> <span class='ocrx_word' id='word_1_637' title='bbox 1764 5432 1885 5492; x_wconf 83' lang='grc' dir='ltr'><strong>τοὺς</strong></span> <span class='ocrx_word' id='word_1_638' title='bbox 1921 5433 2175 5503; x_wconf 82' lang='grc' dir='ltr'><strong>ἀρίστους.</strong></span> <span class='ocrx_word' id='word_1_639' title='bbox 2255 5436 2593 5485; x_wconf 75' lang='lat' dir='ltr'><strong>Cassiodorius</strong></span> <span class='ocrx_word' id='word_1_640' title='bbox 2631 5443 2799 5486; x_wconf 77' lang='lat' dir='ltr'><strong>tomen</strong></span> <span class='ocrx_word' id='word_1_641' title='bbox 2832 5451 2937 5486; x_wconf 79' lang='lat' dir='ltr'><strong>non</strong></span> <span class='ocrx_word' id='word_1_642' title='bbox 2972 5443 3076 5485; x_wconf 82' lang='lat' dir='ltr'><strong>tam</strong></span> <span class='ocrx_word' id='word_1_643' title='bbox 3115 5438 3273 5485; x_wconf 76' lang='lat' dir='ltr'><strong>Cassii</strong></span> <span class='ocrx_word' id='word_1_644' title='bbox 3310 5437 3491 5485; x_wconf 73' lang='lat' dir='ltr'><strong>Dionis</strong></span> <span class='ocrx_word' id='word_1_645' title='bbox 3525 5438 3732 5506; x_wconf 71' lang='lat' dir='ltr'><strong>annales</strong></span> <span class='ocrx_word' id='word_1_646' title='bbox 3768 5435 3992 5484; x_wconf 74' lang='lat' dir='ltr'><strong>adhibuit</strong></span> <span class='ocrx_word' id='word_1_647' title='bbox 4028 5450 4174 5496; x_wconf 77' lang='lat' dir='ltr'><strong>quam</strong></span> <span class='ocrx_word' id='word_1_648' title='bbox 4215 5434 4391 5481; x_wconf 76' lang='lat' dir='ltr'><strong>Getica</strong></span> 
     </span>
     <span class='ocr_line' id='line_1_54' title="bbox 1131 5519 4384 5586; baseline 0.001 -21"><span class='ocrx_word' id='word_1_649' title='bbox 1131 5519 1308 5568; x_wconf 74' lang='lat' dir='ltr'><strong>Dionis</strong></span> <span class='ocrx_word' id='word_1_650' title='bbox 1341 5519 1680 5582; x_wconf 70' lang='lat' dir='ltr'><strong>Chrysostomi,</strong></span> <span class='ocrx_word' id='word_1_651' title='bbox 1722 5523 1778 5570; x_wconf 78' lang='lat' dir='ltr'><strong>in</strong></span> <span class='ocrx_word' id='word_1_652' title='bbox 1814 5522 1989 5583; x_wconf 67' lang='lat' dir='ltr'><strong>quibus</strong></span> <span class='ocrx_word' id='word_1_653' title='bbox 2024 5526 2209 5572; x_wconf 74' lang='lat' dir='ltr'><strong>similia</strong></span> <span class='ocrx_word' id='word_1_654' title='bbox 2246 5529 2459 5573; x_wconf 77' lang='lat' dir='ltr'><strong>narrata</strong></span> <span class='ocrx_word' id='word_1_655' title='bbox 2494 5539 2593 5573; x_wconf 70' lang='lat' dir='ltr'><strong>esse</strong></span> <span class='ocrx_word' id='word_1_656' title='bbox 2628 5525 2771 5586; x_wconf 81' lang='lat' dir='ltr'><strong>fidem</strong></span> <span class='ocrx_word' id='word_1_657' title='bbox 2806 5524 2930 5586; x_wconf 72' lang='lat' dir='ltr'><strong>facit</strong></span> <span class='ocrx_word' id='word_1_658' title='bbox 2953 5528 3111 5572; x_wconf 77' lang='lat' dir='ltr'><strong>oratio</strong></span> <span class='ocrx_word' id='word_1_659' title='bbox 3136 5526 3348 5571; x_wconf 77' lang='lat' dir='ltr'><strong>auctoris</strong></span> <span class='ocrx_word' id='word_1_660' title='bbox 3376 5523 3572 5570; x_wconf 80' lang='lat' dir='ltr'><strong>LXXII</strong></span> <span class='ocrx_word' id='word_1_661' title='bbox 3597 5523 3657 5571; x_wconf 81' lang='lat' dir='ltr'><strong>de</strong></span> <span class='ocrx_word' id='word_1_662' title='bbox 3680 5523 3848 5571; x_wconf 76' lang='lat' dir='ltr'><strong>habitu</strong></span> <span class='ocrx_word' id='word_1_663' title='bbox 3880 5524 3929 5583; x_wconf 78' lang='grc'><strong>(2</strong></span> <span class='ocrx_word' id='word_1_664' title='bbox 3947 5538 3999 5583; x_wconf 81' lang='lat' dir='ltr'><strong>p.</strong></span> <span class='ocrx_word' id='word_1_665' title='bbox 4027 5523 4128 5570; x_wconf 80' lang='lat'><strong>383</strong></span> <span class='ocrx_word' id='word_1_666' title='bbox 4157 5521 4341 5581; x_wconf 70' lang='lat' dir='ltr'><strong>Reiske)</strong></span> <span class='ocrx_word' id='word_1_667' title='bbox 4371 5540 4384 5569; x_wconf 91' lang='lat'>:</span> 
     </span>
     <span class='ocr_line' id='line_1_55' title="bbox 1129 5601 4391 5679; baseline 0 -25"><span class='ocrx_word' id='word_1_668' title='bbox 1129 5602 1255 5656; x_wconf 77' lang='grc' dir='ltr'><strong>ἔνθα</strong></span> <span class='ocrx_word' id='word_1_669' title='bbox 1290 5601 1448 5655; x_wconf 75' lang='grc' dir='ltr'><strong>ἐνίοτε</strong></span> <span class='ocrx_word' id='word_1_670' title='bbox 1486 5601 1756 5672; x_wconf 76' lang='grc' dir='ltr'><strong>βλέπουσιν</strong></span> <span class='ocrx_word' id='word_1_671' title='bbox 1793 5604 2096 5675; x_wconf 76' lang='grc' dir='ltr'><strong>ἀνθρώπους</strong></span> <span class='ocrx_word' id='word_1_672' title='bbox 2129 5606 2248 5666; x_wconf 87' lang='grc' dir='ltr'><strong>τοὺς</strong></span> <span class='ocrx_word' id='word_1_673' title='bbox 2285 5608 2377 5667; x_wconf 78' lang='grc' dir='ltr'><strong>μὲν</strong></span> <span class='ocrx_word' id='word_1_674' title='bbox 2411 5626 2551 5667; x_wconf 78' lang='grc' dir='ltr'><strong>τινας</strong></span> <span class='ocrx_word' id='word_1_675' title='bbox 2588 5607 2768 5666; x_wconf 77' lang='grc' dir='ltr'><strong>πίλους</strong></span> <span class='ocrx_word' id='word_1_676' title='bbox 2807 5606 2891 5660; x_wconf 79' lang='grc' dir='ltr'><strong>ἐπὶ</strong></span> <span class='ocrx_word' id='word_1_677' title='bbox 2925 5613 3039 5666; x_wconf 80' lang='grc' dir='ltr'><strong>ταῖς</strong></span> <span class='ocrx_word' id='word_1_678' title='bbox 3074 5606 3324 5679; x_wconf 68' lang='grc' dir='ltr'><strong>κεφαλαῖς</strong></span> <span class='ocrx_word' id='word_1_679' title='bbox 3362 5607 3593 5679; x_wconf 78' lang='grc' dir='ltr'><strong>ἔχοντας,</strong></span> <span class='ocrx_word' id='word_1_680' title='bbox 3634 5608 3704 5665; x_wconf 78' lang='grc' dir='ltr'><strong>ὡς</strong></span> <span class='ocrx_word' id='word_1_681' title='bbox 3740 5610 3827 5658; x_wconf 74' lang='grc' dir='ltr'><strong>νῦν</strong></span> <span class='ocrx_word' id='word_1_682' title='bbox 3863 5613 3965 5658; x_wconf 80' lang='grc' dir='ltr'><strong>τῶν</strong></span> <span class='ocrx_word' id='word_1_683' title='bbox 4004 5604 4217 5678; x_wconf 71' lang='grc' dir='ltr'><strong>Θρᾳκῶν</strong></span> <span class='ocrx_word' id='word_1_684' title='bbox 4251 5622 4391 5663; x_wconf 80' lang='grc' dir='ltr'><strong>τινες</strong></span> 
     </span>
     <span class='ocr_line' id='line_1_56' title="bbox 1128 5686 1785 5760; baseline 0.003 -20"><span class='ocrx_word' id='word_1_685' title='bbox 1128 5696 1229 5741; x_wconf 74' lang='grc' dir='ltr'><strong>τῶν</strong></span> <span class='ocrx_word' id='word_1_686' title='bbox 1268 5686 1437 5742; x_wconf 76' lang='grc' dir='ltr'>Γετῶν</span> <span class='ocrx_word' id='word_1_687' title='bbox 1473 5688 1785 5760; x_wconf 72' lang='grc' dir='ltr'><strong>λεγομένων.</strong></span> 
     </span>
    </p>

    <p class='ocr_par' dir='ltr' id='par_1_22' title="bbox 1303 5777 1737 5840">
     <span class='ocr_line' id='line_1_57' title="bbox 1303 5777 1737 5840; baseline 0.009 -15"><span class='ocrx_word' id='word_1_688' title='bbox 1303 5777 1352 5839; x_wconf 86' lang='grc'><strong>2)</strong></span> <span class='ocrx_word' id='word_1_689' title='bbox 1394 5780 1519 5828; x_wconf 78' lang='lat' dir='ltr'><strong>Aen.</strong></span> <span class='ocrx_word' id='word_1_690' title='bbox 1559 5780 1611 5840; x_wconf 83' lang='lat'><strong>3,</strong></span> <span class='ocrx_word' id='word_1_691' title='bbox 1651 5781 1737 5829; x_wconf 82' lang='lat'><strong>35.</strong></span> 
     </span>
    </p>
   </div>
   <div class='ocr_carea' id='block_1_19' title="bbox 4422 1600 4479 1638">
    <p class='ocr_par' dir='ltr' id='par_1_23' title="bbox 4422 1600 4479 1638">
     <span class='ocr_line' id='line_1_58' title="bbox 4422 1600 4479 1638; baseline -0.018 0"><span class='ocrx_word' id='word_1_692' title='bbox 4422 1600 4479 1638; x_wconf 77' lang='grc'><strong>10</strong></span> 
     </span>
    </p>
   </div>
   <div class='ocr_carea' id='block_1_20' title="bbox 4418 2635 4484 2675">
    <p class='ocr_par' dir='ltr' id='par_1_24' title="bbox 4418 2635 4484 2675">
     <span class='ocr_line' id='line_1_59' title="bbox 4418 2635 4484 2675; baseline -0.03 0"><span class='ocrx_word' id='word_1_693' title='bbox 4418 2635 4484 2675; x_wconf 76' lang='grc'><strong>20</strong></span> 
     </span>
    </p>
   </div>
  </div>
 </body>
</html>
