4882 6775
1166 454 1249 518 42
2609 449 2971 507 IORDANIS

1163 650 1229 709 et
1273 644 1692 710 Sebastianus
1751 643 1843 708 ibi
1901 643 1969 709 in
2014 642 2249 707 Galliis
2304 642 2647 725 tyrannide
2708 643 3084 708 moliuntur:
3154 643 3269 709 sed
3328 650 3393 707 et
3449 643 3573 727 ipsi
3619 642 3768 708 ilico
3812 662 3958 707 esse
4005 642 4350 708 desierunt.
4393 642 4412 727 ΙΙ

1162 747 1631 812 Haeraclianus
1675 754 1819 831 post
1865 746 2025 811 haec
2070 766 2213 810 cum
2259 745 2686 830 septingentis
2733 754 2797 811 et
2840 746 3043 811 tribus
3088 746 3363 811 navibus
3385 749 3421 829 ¹)
3477 746 3743 811 armatis
3788 745 3873 810 ad
3904 746 4122 810 urbem
4156 747 4410 810 Romam
4434 763 4615 806 nare-⁴¹³

1169 849 1695 934 depraedandam
1755 849 2054 928 advenit3
2116 856 2337 914 contra
2393 870 2582 932 quem
2628 849 2913 914 Marinus
2973 850 3170 914 comis
3230 868 3531 933 egressus
3584 850 3677 914 sic
3721 870 3866 913 eum
3913 850 4288 932 perterruit,
4353 858 4415 914 ut

1096 971 1121 1011 ⁴
1163 959 1408 1018 tantum
1476 973 1620 1017 cum
1683 974 1813 1018 una
1873 973 2036 1017 nave
2097 952 2487 1034 Chartagine
2549 952 2819 1035 fugiret,
2894 953 3004 1017 ubi
3064 973 3212 1017 mox
3272 954 3604 1035 ingressus
3662 952 4164 1034 interfectusque
4224 961 4340 1017 est.
4398 954 4416 1039 ΙΙ

1001 1057 1126 1117 326
1162 1056 1353 1121 Valia
1410 1076 1524 1120 rex
1570 1056 2075 1138 Vesegotharum
2137 1056 2310 1120 facta
2371 1076 2533 1139 pace
2594 1075 2736 1121 cum
2788 1056 3071 1120 Honorio
3118 1056 3472 1120 Placidiam
3532 1076 3809 1120 sororem
3856 1056 3996 1120 eius
4041 1056 4341 1137 reddidit,
4396 1058 4546 1141 nune.
4568 1078 4621 1115 ιιι

1164 1178 1357 1239 quam
1415 1158 1787 1224 Constantio
1854 1158 2153 1243 patriciO,
2229 1159 2338 1241 qui
2403 1178 2547 1222 eam
2615 1166 3058 1238 revocaverat,
3132 1158 3200 1222 in
3261 1159 3659 1223 matrimonio
3716 1159 3991 1241 iungens
4039 1160 4062 1243 ΙΙ
4106 1159 4414 1223 Honorius
4439 1159 4624 1253 2223„

1165 1261 1358 1327 rebus
1417 1261 1715 1326 humanis
1771 1261 2070 1326 excessit.
2129 1262 2153 1346 ΙΙ
2209 1261 2527 1326 Maximus
2587 1268 2652 1325 et
2694 1261 2955 1325 Iovinus
3016 1261 3097 1325 de
3145 1261 3422 1344 Spanias
3476 1261 3643 1325 ferro
3692 1261 3885 1327 vincti
3928 1261 4187 1326 abducti
4232 1269 4414 1345 atque
4440 1278 4625 1321 uae-⁴²2

1003 1366 1125 1426 327
1162 1362 1484 1429 interfecti
1528 1372 1697 1430 sunt.
1736 1365 1759 1448 ΙΙ
1805 1365 2127 1429 Iohannes
2172 1384 2324 1429 vero
2368 1363 2647 1428 Honorio
2694 1363 2995 1429 defuncto
3040 1385 3305 1447 regnum
3351 1365 3812 1429 occidentalem
3856 1364 4115 1429 invasit.
4210 1372 4418 1429 contra
4442 1381 4624 1423 ›ure-⁴2⁴

1098 1486 1124 1527 ⁹
1164 1486 1352 1548 quem
1413 1467 1701 1533 Placidia
1767 1474 2046 1532 creatam
2108 1470 2468 1549 Augustam
2536 1475 2602 1532 et
2658 1468 3150 1532 Valentinianus
3218 1467 3389 1531 iilius
3457 1467 3599 1531 eius
3661 1468 3902 1533 Caesar
3967 1467 4343 1549 diriguntur.
4401 1467 4420 1551 ΙΙ

1004 1571 1125 1633 328
1164 1589 1352 1651 quem
1413 1577 1478 1633 et
1538 1569 1688 1634 dolo
1751 1571 1961 1654 potius
2006 1570 2277 1653 Asparis
2339 1577 2404 1635 et
2448 1571 2803 1635 Ardaburis
2863 1591 3055 1651 quam
3101 1570 3334 1635 virtute
3380 1570 3611 1649 Aetii2)
3667 1576 3995 1654 superant.
4091 1570 4417 1652 occisoque
4444 1587 4630 1629 rma.

1163 1672 1447 1737 Iohanne
1506 1680 1777 1756 tyranno
1835 1673 2328 1738 Valentinianus
2383 1675 2693 1738 Ravenna
2749 1674 3099 1757 imperator
3155 1694 3197 1737 a
3254 1674 3546 1757 patruele
3591 1673 3953 1738 Theodosio
4014 1672 4360 1738 ordinatur.
4409 1673 4427 1758 ΙΙ

1164 1775 1347 1841 cuius
1406 1796 1716 1858 germana
1760 1777 2041 1841 Honoria
2100 1776 2251 1842 dum
2312 1777 2398 1841 ad
2457 1778 2647 1841 aulae
2706 1777 2905 1842 decus
2965 1776 3393 1857 virginitatem
3455 1796 3637 1840 suam
3698 1783 4029 1858 cogeretur
4080 1775 4413 1857 custodire,
4445 1776 4657 1869 (ζῇ-(Ἥ

1165 1880 1330 1943 clam
1391 1878 1586 1943 misso
1645 1880 1950 1945 clientulo
2008 1878 2276 1943 Attilam
2339 1879 2716 1944 Hunnorum
2779 1900 2998 1962 regem
3058 1879 3286 1943 invitat
3342 1880 3413 1942 in
3472 1880 3685 1943 Italia.
3802 1898 4072 1960 cumque
4132 1878 4420 1943 veniente

1164 1981 1367 2046 Attila
1411 1989 1626 2047 votum
1673 2002 1858 2047 suum
1906 1982 2195 2066 nequivit
2237 1983 2500 2067 explere
2548 1983 2947 2064 facinusque,
3001 1981 3172 2065 quod
3216 2002 3359 2046 cum
3390 1982 3592 2046 Attila
3637 2002 3761 2045 non
3807 1982 4069 2063 fecerat,
4124 2002 4264 2045 cum
4299 1983 4421 2045 Eu-

1071 2105 1128 2145 15
1166 2085 1355 2166 genio
1414 2086 1807 2169 procuratori
1853 2106 1969 2150 suo
2014 2085 2368 2151 committit.
2464 2106 2657 2167 quam
2703 2086 2783 2150 ob
2831 2106 2961 2149 rem
3009 2092 3185 2149 tenta
3227 2105 3268 2148 a
3313 2105 3617 2165 germano
3670 2092 3735 2149 et
3777 2085 3843 2148 in
3889 2084 4424 2168 Constantinopo-

1005 2192 1127 2252 329
1167 2188 1276 2252 lim
1322 2188 1687 2253 Theodosio
1731 2188 2003 2273 principi
2052 2189 2375 2254 destinata
2419 2196 2520 2253 est
2539 2192 2612 2270 3).
2652 2190 2678 2271 ΙΙ
2729 2195 2875 2272 post
2917 2188 3080 2252 haec
3126 2207 3203 2251 111
3248 2208 3416 2252 anno
3462 2188 3954 2252 Valentinianus
3998 2188 4345 2272 imperator
4384 2210 4421 2252 a
4446 2204 4637 2244 turm-³³

1167 2292 1370 2355 Roma
1416 2291 2032 2376 Constantinopolim
2094 2292 2173 2356 ob
2234 2290 2716 2374 suscipiendam
2764 2290 2830 2354 in
2875 2290 3274 2355 matrimonio
3320 2291 3675 2355 Eudoxiam
3722 2290 4073 2355 Theodosii
4120 2292 4424 2375 principis

1164 2392 1364 2458 filiam
1412 2393 1586 2459 venit
1617 2395 1642 2478 ΙΙ
1686 2393 2030 2476 datamque
2077 2415 2191 2479 pro
2238 2415 2501 2459 munere
2548 2395 2750 2458 soceri
2795 2394 2896 2458 sui
2941 2401 3139 2459 totam
3172 2395 3503 2478 Illyricum
3524 2398 3567 2477 ⁴)
3618 2395 3643 2479 ΙΙ
3675 2395 4018 2460 celebratis
4065 2395 4304 2478 nuptiis
4348 2395 4429 2460 ad
4453 2394 4549 2434 ¹⁰⁸·

4453 2447 4564 2486 Hm.
4588 2445 4612 2484 i.
4633 2458 4649 2483 c

1007 2499 1130 2560 330
1169 2516 1290 2561 sua
1333 2517 1533 2579 regna
1577 2517 1720 2561 cum
1768 2517 1967 2561 uxore
2011 2498 2299 2562 secessit.
2360 2498 2385 2581 ΙΙ
2439 2497 2749 2561 Africana
2810 2498 3139 2581 provincia
3183 2517 3296 2581 per
3342 2497 3729 2561 Bonifatium
3778 2497 4071 2561 comitem
4118 2498 4424 2563 Vandalis
4450 2497 4606 2589 {2⁸4st
4632 2549 4678 2586 m:

1069 2621 1129 2662 πο
1169 2598 1406 2664 tradita
1450 2606 1514 2664 et
1557 2621 1599 2664 a
1643 2602 1928 2666 Romano
1972 2600 2112 2665 iure
2158 2601 2487 2665 subtracta
2530 2607 2661 2681 est,
2730 2601 2882 2682 quia
2929 2600 3322 2682 Bonifatius,
3387 2600 3539 2665 dum
3594 2600 3661 2664 in
3707 2601 3955 2664 offensa
3998 2601 4427 2666 Valentiniani

1171 2701 1491 2781 venisset,
1559 2703 1729 2767 malo
1790 2703 2046 2787 publico
2108 2723 2179 2768 se
2240 2703 2591 2769 defendere
2645 2703 2846 2766 voluit
2888 2702 3287 2783 invitatoque
3332 2703 3415 2767 ab
3463 2704 3726 2786 spaniis
3773 2703 4064 2768 Gizerico
4108 2705 4431 2769 Vandalo-

1009 2810 1128 2870 331
1173 2824 1311 2868 rum
1357 2824 1510 2886 rege
1556 2805 1774 2871 dolum
1820 2805 1994 2888 quod
2038 2813 2418 2891 conceperat
2464 2806 2737 2890 peperit.
2776 2807 2800 2889 ΙΙ
2836 2807 3204 2870 Hunnorum
3252 2827 3364 2871 rex
3395 2807 3599 2871 Attila
3628 2807 3860 2872 iunctis
3892 2826 4110 2872 secum
4149 2807 4614 2900 Gepidasfflliffl
4640 2864 4687 2898 w·

1177 2927 1322 2971 cum
1367 2907 1709 2989 Ardarico,
1775 2909 2144 2990 Gothosque
2190 2930 2332 2974 cum
2381 2910 2697 2987 Valamir,
2768 2907 3186 2991 diversasque
3232 2909 3396 2973 alias
3441 2909 3732 2974 nationes
3778 2910 3914 2974 suis
3959 2930 4104 2975 cum
4150 2911 4425 2992 regibuS,

1177 3030 1428 3076 omnem
1473 3010 1803 3094 Illyricum
1845 3003 2268 3096 Traciamque
2311 3020 2377 3078 et
2421 3019 2757 3093 utramque
2788 3011 3078 3093 Daciam,
3131 3011 3409 3094 Mysiam
3455 3020 3520 3077 et
3550 3012 3877 3097 Scythiam
3925 3014 4270 3096 populatus
4312 3020 4430 3077 est.

1075 3136 1142 3176 25·
1179 3121 1397 3178 contra
1455 3133 1645 3195 quem
1691 3115 2110 3197 Arnegisclus
2168 3116 2480 3197 magister
2537 3115 2808 3179 militum
2855 3115 3106 3197 Mysiae
3170 3134 3472 3196 egressus
3531 3136 3572 3179 a
3617 3116 4138 3199 Marcianopolim
4198 3115 4438 3180 fortiter
4463 3137 4517 3177 er.
4542 3135 4647 3176 am.
4670 3135 4715 3173 u:

1179 3215 1541 3298 dimicavit,
1607 3236 1899 3299 equoque
1959 3218 2076 3284 sub
2135 3237 2204 3282 se
2264 3217 2605 3283 decidente
2666 3225 3054 3302 praeventus
3112 3225 3245 3300 est,
3314 3225 3379 3282 et
3437 3238 3558 3283 nec
3614 3217 3710 3282 sic
3768 3218 4108 3301 quiescens
4167 3218 4430 3301 bellare,

1177 3317 1429 3383 occisus
1475 3327 1597 3385 est.

1018 3429 1144 3491 332
1353 3424 1717 3489 Marcianus
1761 3423 2107 3509 imperator
2148 3425 2446 3507 regnavit
2488 3446 2597 3490 an.
2650 3444 2721 3489 v1
2765 3447 2851 3491 m.
2904 3444 2996 3488 vl.
3037 3426 3062 3510 ΙΙ
3109 3424 3214 3490 hic
3257 3426 3491 3491 etenim
3538 3446 3685 3489 mox
3732 3425 4033 3491 defuncto
4079 3427 4438 3492 Theodosio
4463 3448 4739 3492 numism

1180 3525 1249 3591 in
1294 3546 1492 3608 regno
1537 3527 1780 3592 ascitus
1825 3528 1852 3610 li
1896 3528 2300 3614 Pulcheriam
2346 3548 2721 3611 germanam
2767 3528 3153 3610 Theodosii,
3221 3549 3388 3611 quae
3432 3529 3501 3592 in
3546 3529 3788 3613 palatio
3832 3529 3958 3594 iam
4007 3538 4259 3596 matura
4303 3552 4443 3594 mu-
4467 3554 4567 3595 mu.

1356 3787 1410 3832 H
1433 3785 1480 3832 Ρ
1512 3787 1551 3834 V
1573 3787 1611 3834 S
1636 3787 1686 3848 (5
1713 3788 1855 3835 Valia
1877 3814 1948 3823 —
1975 3787 2039 3837 28
2068 3804 2132 3837 m.
2164 3792 2234 3848 vx)
2267 3789 2311 3836 L
2349 3789 2539 3837 Paulus
2562 3790 2606 3838 h.
2640 3789 2702 3839 R.
2736 3789 2820 3848 13,
2852 3790 2883 3836 2
2926 3788 2973 3848 (6
2998 3789 3331 3851 Constantio).
3414 3795 3493 3851 14,
3528 3792 3560 3838 ‘2
3600 3789 3687 3853 (24
3713 3805 3911 3859 omnem
3936 3818 4000 3826 —
4025 3793 4297 3854 populatus
4320 3795 4434 3848 est).

1184 3872 1449 3932 Freedsua
1476 3874 1522 3935 2,
1556 3875 1602 3933 5,
1642 3876 1700 3919 14
1745 3872 1827 3933 (22
1866 3874 2164 3923 Hunnorum
2202 3903 2271 3911 —
2305 3875 2368 3923 27
2410 3881 2530 3939 est).
2571 3904 2634 3912 —-
2678 3876 2809 3926 Mur.
2849 3892 2899 3937 p.
2933 3876 3061 3925 ‘239⁶
3097 3894 3145 3926 v.
3176 3877 3207 3926 8
3244 3877 3478 3928 Honorio.

1363 3993 1381 4041 1
1425 3995 1568 4054 gallis
1596 3994 1647 4040 H
1850 3990 2141 4059 tyrannide]
2165 3995 2328 4056 HPV,
2368 3997 2673 4045 tirannidem
2702 3998 2746 4045 L
2953 3997 3249 4045 desiderunt
3274 3998 3315 4044 L
3548 3996 3578 4045 2
3617 3994 3980 4064 haeraclianns]
4005 3998 4160 4058 HPL,
4206 3999 4441 4047 heraclia-

1185 4093 1282 4127 nna
1327 4080 1368 4127 V
1642 4081 2014 4141 septingnentia
2052 4081 2095 4128 L
2371 4083 2403 4131 4
2440 4080 2750 4149 chartagine]
2787 4071 2980 4147 mwl’,
3035 4085 3314 4145 carthagine
3351 4085 3411 4138 L,
3458 4085 3691 4144 chargine
3736 4083 3811 4131 V⁰
4090 4081 4302 4151 fugitet]
4335 4085 4445 4132 libri

1188 4166 1218 4213 5
1256 4166 1426 4213 unalia
1460 4167 1498 4214 S
1746 4162 1863 4232 rex]
1901 4181 1965 4214 ex
2003 4168 2047 4215 L
2323 4170 2355 4218 6
2389 4171 2574 4230 iugens
2613 4170 2657 4216 P
2932 4170 2958 4217 7
2999 4168 3225 4236 abducti]
3265 4169 3581 4218 Marcellinus
3620 4170 3746 4231 (cod.
3790 4170 4106 4231 Audomar.),
4147 4171 4317 4219 aducti
4356 4170 4438 4230 1²⁸,

1188 4252 1384 4299 acducti
1422 4252 1488 4312 H,
1549 4251 1755 4300 adducti
1791 4240 1994 4302 vam
2276 4255 2337 4303 10
2372 4257 2497 4303 aecii
2536 4257 2601 4314 S,
2660 4257 2750 4304 etii
2787 4257 2831 4304 L
3106 4253 3369 4321 superant]
3421 4262 3722 4318 superantur
3756 4257 3799 4303 L
4078 4257 4133 4305 11
4179 4258 4365 4305 theosio
4404 4257 4444 4304 L

1193 4336 1254 4385 12
1292 4338 1526 4385 hermana
1564 4338 1604 4384 L
1886 4339 1947 4388 13
1986 4341 2198 4387 attiliam
2238 4340 2282 4386 P
2556 4356 2807 4390 unnorum
2846 4342 2890 4389 L
3167 4339 3329 4410 italia]
3367 4342 3564 4402 HPVS,
3618 4343 3810 4390 italiam
3846 4342 3889 4389 1,
4169 4343 4232 4392 14
4270 4358 4363 4391 suu
4410 4343 4449 4388 V

1194 4422 1253 4472 15
1291 4430 1602 4484 procuratore
1638 4422 1685 4470 P
1924 4423 2213 4491 committit]
2249 4441 2364 4474 cum
2400 4428 2651 4476 militibus
2688 4428 2742 4475 H
2984 4425 3046 4477 18
3084 4429 3280 4477 ilricum
3316 4430 3668 4477 concelebratis
3706 4428 3749 4475 L
3998 4427 4060 4476 19
4096 4433 4303 4478 recessit
4339 4429 4383 4475 P

1189 4506 1442 4576 comitem]
1481 4512 1768 4573 principem
1806 4512 1848 4558 L
2093 4513 2360 4561 uuandalis
2399 4514 2441 4560 L
2684 4513 2751 4564 20
2788 4528 2989 4563 romana
3024 4514 3068 4561 L
3312 4511 3521 4580 offensa]
3557 4515 3853 4576 H(·?‚PVSL
4083 4517 4362 4564 ualentiani
4400 4515 4449 4561 H

1189 4596 1248 4645 21
1292 4595 1523 4663 gizerico]
1564 4597 1623 4658 L,
1666 4599 1894 4658 gyzerico
1930 4598 2113 4648 HPVS
2356 4601 2721 4649 uuandolorum
2746 4600 2831 4654 ,θ’
3081 4601 3144 4650 22
3185 4604 3382 4651 iunctos
3421 4603 3556 4651 Rrec.
3804 4601 4043 4663 geapidas
4082 4601 4134 4661 8,
4176 4603 4368 4664 gepidis
4406 4602 4445 4649 L

1189 4682 1254 4731 23
1294 4680 1526 4750 nalamir]
1565 4684 1727 4748 HPV,
1770 4668 2015 4735 unalamir
2053 4685 2141 4748 L0,
2185 4687 2448 4735 unalamer
2484 4673 2570 4748 Ι),
2612 4688 2822 4736 ualamis
2859 4687 2897 4735 8
3103 4688 3167 4737 24
3202 4690 3395 4737 iilicum
3430 4688 3490 4749 L,
3539 4689 3823 4748 hillyricum
3870 4688 3909 4735 V
4113 4688 4180 4739 25
4218 4703 4445 4748 arnegys-

1190 4771 1297 4818 clus
1336 4771 1501 4832 Fac„
1543 4774 1836 4833 arnegiadua
1869 4772 1923 4832 8,
1965 4774 2237 4822 arneiscius
2263 4773 2306 4821 L
2517 4774 2918 4836 martianopolim
2942 4773 2998 4833 S,
3040 4776 3409 4837 marcinopoiim
3434 4776 3491 4822 H
3692 4774 3759 4825 20
3795 4771 4048 4842 equoque]
4084 4775 4284 4836 HPVS,
4325 4789 4444 4837 quo·

1146 4893 1153 4899 .
1191 4869 1289 4917 que
1327 4856 1387 4916 L,
1428 4872 1556 4920 equo
1597 4859 1732 4908 Rrec.
1946 4866 2280 4922 praeuentum
2317 4859 2364 4907 P
2569 4858 2636 4910 28
2674 4875 2741 4908 m.
2771 4861 2843 4908 uii
2883 4860 2928 4906 P
3131 4858 3344 4927 etenim]
3388 4861 3488 4922 VL,
3532 4863 3738 4910 atenim
3776 4862 3832 4924 P,
3876 4863 4014 4910 enim
4050 4861 4104 4908 H
4309 4863 4444 4909 theo·

1190 4943 1320 4991 dosii
1353 4942 1400 4990 P
1608 4942 1674 4992 29
1711 4946 1945 4994 theodisii
1994 4946 2035 4993 V
2240 4948 2341 4995 iam
2376 4959 2477 4994 om.
2518 4946 2562 4993 L

3992 5079 4439 5086 *Wffl

1371 5150 1415 5211 Ι)
1456 5165 1571 5199 cum
1611 5153 1947 5213 septingentis
1983 5159 2037 5201 et
2073 5155 2235 5203 tribus
2275 5156 2481 5203 milibus
2519 5156 2724 5203 navium
2764 5155 3081 5205 Marcellinus
3123 5159 3245 5221 (cod.
3278 5157 3569 5218 Andomar.)
3611 5159 3929 5219 similiterque
3972 5157 4177 5207 Orosius
4214 5161 4262 5219 7,
4304 5159 4381 5206 12.

1368 5236 1419 5298 2)
1459 5237 1598 5285 Aetii
1634 5241 1812 5286 omittit
1850 5237 2168 5288 Marcellinus
2201 5246 2347 5289 reete.

1365 5322 1412 5383 3)
1457 5324 1674 5372 Honoria
1709 5324 2057 5373 Valentiniani
2107 5327 2349 5388 principis
2397 5339 2634 5385 germana
2672 5363 2685 5376 .
2721 5364 2732 5376 .
2766 5365 2779 5378 .
2821 5329 2940 5376 dum
2986 5334 3191 5391 propter
3238 5331 3379 5378 aulae
3428 5330 3582 5378 decus
3619 5330 3676 5377 ad
3715 5332 3995 5379 castitatem
4031 5335 4289 5379 teneretur
4322 5338 4444 5379 nntn

1193 5410 1365 5458 fratria
1401 5411 1622 5472 inclusa,
1683 5411 1809 5458 clam
1861 5413 2093 5460 eunucho
2140 5415 2289 5461 misso
2325 5414 2603 5461 Attilanem
2640 5415 2882 5463 invitasse
2926 5416 3077 5463 Getic.
3120 5417 3205 5464 4‘2.
3282 5418 3499 5464 Honoria
3534 5416 3881 5464 Valentiniani
3919 5418 4041 5480 imp.
4083 5431 4217 5465 soror
4250 5420 4310 5465 ab
4346 5417 4445 5464 En·

1195 5497 1342 5554 genio
1389 5501 1700 5558 procuratore
1746 5511 1834 5545 suo
1881 5503 2105 5559 stuprata
2138 5501 2396 5560 concepit,
2450 5501 2731 5562 palatioque
2768 5502 2980 5563 expulsa
3015 5502 3291 5550 Theodosio
3327 5504 3539 5564 principi
3577 5503 3639 5550 de
3676 5504 3820 5551 ltalia
3854 5505 4145 5552 transmissa
4180 5505 4443 5552 Attilanem

1191 5586 1366 5630 contra
1401 5582 1772 5632 occidentalem
1810 5597 1914 5632 rem
1950 5584 2202 5646 publicam
2239 5587 2516 5633 concitabat
2555 5585 2869 5634 Marcellinus
2906 5604 2951 5636 a.
2986 5589 3103 5638 431.

1368 5667 1416 5729 4)
1459 5668 1529 5728 es.
1573 5669 1910 5718 Cassiodorius
1944 5685 2051 5721 var.
2083 5674 2186 5732 11,
2235 5675 2293 5717 1:
2349 5672 2596 5734 (placidia)
2654 5687 2836 5720 nurum
2888 5674 2982 5721 sibi
3033 5676 3299 5722 amissione
3347 5676 3531 5734 Illyrici
3580 5677 3882 5736 comparavit
3929 5677 4160 5738 factaque
4209 5684 4288 5727 est
4332 5689 4447 5725 con-

1196 5757 1387 5803 iunctio
1423 5759 1677 5816 regnantis
1714 5757 1897 5806 divisio
1933 5759 2150 5807 dolenda
2183 5760 2475 5821 provinciis.
