4882 6775
1114 473 1196 534 96
2560 465 2921 522 10RDAN1S

786 656 1072 724 XXVIII
1115 678 1155 723 a
1197 657 1486 742 principe
1530 659 1768 723 honore
1814 657 2113 722 suffultus
2158 655 2385 740 paucis
2433 656 2761 721 mensibus
2804 655 3153 722 interiectis
3198 656 3280 720 ab
3327 654 3450 720 hac
3493 656 3637 719 luce
3683 653 3983 736 migravit
4008 656 4081 735 ¹).
4175 673 4363 735 quem

1114 760 1414 845 princeps
1473 759 1834 826 affectionis
1895 759 2105 841 gratia
2162 778 2328 842 pene
2389 758 2539 841 plus
2593 766 2907 824 mortuum
2954 779 3146 842 quam
3192 758 3408 822 vivum
3455 756 3772 821 honorans
3818 754 4056 839 dignae
4100 756 4367 821 tradidit

951 867 1072 927 145
1121 864 1527 947 sepulturae,
1586 862 1730 947 ipse
1775 881 2026 945 quoque
2071 861 2137 925 in
2183 861 2475 944 exequiis
2521 860 2754 926 feretro
2799 860 2939 926 eius
2986 860 3310 945 praeiens.
3404 859 3706 925 defuncto
3752 878 3907 941 ergo
3953 859 4365 925 Aithanarico

1114 973 1378 1031 cunctus
1437 965 1576 1030 eius
1630 964 1949 1030 exercitus
1995 964 2060 1028 in
2106 962 2366 1030 servitio
2410 963 2761 1029 Theodosii
2805 963 3209 1047 imperatoris
3253 962 3610 1047 perdurans
3655 962 3939 1027 Romano
3986 982 4055 1027 se
4099 962 4366 1046 imperio

1116 1068 1398 1133 subdens
1414 1070 1454 1151 2)
1528 1087 1671 1132 cum
1732 1066 1934 1131 milite
1992 1066 2170 1131 velut
2229 1087 2426 1130 unum
2491 1085 2720 1151 corpus
2779 1066 2995 1131 effecit
3037 1065 3394 1147 militiaque
3438 1065 3555 1129 illa
3600 1064 3842 1130 dudum
3888 1066 4005 1130 sub
4052 1064 4369 1130 Constan-
4401 1080 4423 1118 ⁵

1114 1171 1246 1235 tino
1305 1170 1594 1255 principe
1656 1169 2126 1235 foederatorum
2186 1177 2492 1235 renovata
2555 1176 2620 1235 et
2663 1169 2792 1253 ipsi
2837 1169 2991 1234 dicti
3040 1176 3189 1234 sunt
3232 1167 3567 1234 foederati.
3660 1188 3697 1232 e
3744 1168 3977 1249 quibus
4019 1168 4369 1251 imperator

1116 1280 1337 1339 contra
1380 1273 1740 1356 Eugenium
1785 1279 2148 1357 tyrannum,
2202 1272 2310 1353 qui
2356 1272 2564 1337 occiso
2611 1271 2919 1336 Gratiano
2967 1271 3219 1336 Gallias
3265 1278 3659 1355 occupasset,
3710 1271 3858 1355 plus
3903 1291 4094 1353 quam
4141 1269 4369 1352 viginti

1114 1375 1295 1440 milia
1351 1382 1737 1441 armatorum
1795 1374 2022 1440 fideles
2084 1375 2208 1439 sibi
2267 1381 2332 1439 et
2392 1374 2634 1440 amicos
2693 1374 3079 1457 intellegens
3124 1394 3343 1440 secum
3389 1373 3570 1438 duxit
3613 1373 4007 1455 victoriaque
4053 1373 4133 1438 de
4179 1393 4368 1458 prae-

1115 1478 1283 1543 dicto
1326 1485 1598 1561 tyranno
1644 1478 1880 1562 potitus
1926 1478 2234 1543 ultionem
2280 1477 2521 1560 exegit.

704 1584 931 1648 XXIX
954 1586 1073 1647 146
1289 1581 1635 1663 Postquam
1680 1601 1832 1646 vero
1877 1580 2279 1646 Theodosius
2326 1589 2572 1645 amator
2614 1581 2792 1664 pacis
2838 1580 3222 1663 generisque
3269 1579 3619 1645 Gothorum
3664 1579 3857 1644 rebus
3914 1578 4192 1644 excessit
4247 1579 4365 1642 hu·
4405 1592 4453 1631 ¹⁰

1111 1683 1322 1748 manis
1381 1689 1850 1768 coeperuntque
1913 1682 2050 1748 eius
2109 1682 2225 1747 filii
2289 1690 2622 1766 utramque
2679 1703 2811 1748 rem
2871 1684 3197 1767 publicam
3264 1683 3587 1748 luxuriose
3655 1682 3943 1746 viventes
4009 1680 4367 1746 adnihilare

1111 1785 1596 1868 auxiliariisque
1656 1786 1822 1867 suis,
1885 1785 1955 1850 id
2018 1793 2118 1851 est
2163 1785 2425 1867 Gothis,
2495 1792 2801 1850 consueta
2857 1785 3026 1851 dona
3090 1785 3499 1865 subtrahere,
3566 1804 3715 1848 mox
3763 1782 3992 1849 Gothis
4037 1783 4367 1848 fastidium

1112 1908 1331 1954 eorum
1373 1888 1665 1970 increvit,
1719 1895 2164 1971 verentesque,
2216 1908 2298 1953 ne
2346 1889 2542 1971 longa
2585 1908 2745 1973 pace
2776 1908 2993 1953 eorum
3024 1888 3448 1953 resolveretur
3478 1887 3803 1969 fortitude,
3855 1886 4146 1952 ordinato
4178 1907 4371 1971 super

1114 2011 1184 2057 se
1244 2011 1398 2073 rege
1443 1991 1783 2073 Halarico,
1853 1991 1957 2056 cui
2016 1998 2154 2056 erat
2211 2000 2357 2076 post
2402 1992 2666 2057 Amalos
2725 1992 3009 2057 secunda
3071 1990 3373 2056 nobilitas
3435 1989 3934 2071 Balthorumque
3994 2010 4075 2054 ex
4133 2010 4368 2073 genere

1112 2094 1290 2176 origo
1334 2093 1619 2174 mirifica,
1674 2094 1784 2177 qui
1831 2093 2073 2159 dudum
2119 2095 2198 2159 ob
2245 2094 2523 2159 audacia
2567 2095 2820 2160 virtutis
2867 2095 3120 2177 Baltha,
3169 2093 3239 2159 id
3285 2100 3385 2160 est
3427 2092 3678 2175 audax,
3736 2111 3966 2157 nomen
4011 2093 4179 2158 inter
4222 2111 4369 2157 suos
4408 2104 4458 2144 ¹⁵

953 2203 1068 2262 147
1118 2204 1475 2281 acceperat.
1568 2216 1714 2261 mox
1773 2217 1925 2281 ergo
1970 2196 2293 2262 antefatus
2343 2197 2684 2262 Halaricus
2731 2204 2983 2263 creatus
3029 2205 3129 2263 est
3171 2217 3319 2279 reri,
3389 2216 3530 2261 cum
3577 2194 3710 2260 suis
3757 2194 4125 2260 deliberans
4172 2195 4373 2260 suasit

1113 2321 1226 2366 eos
1287 2320 1400 2365 suo
1460 2300 1680 2366 labore
1732 2320 2039 2383 quaerere
2084 2320 2287 2381 regna
2338 2321 2532 2383 quam
2577 2301 2808 2366 alienis
2852 2321 2968 2385 per
3012 2301 3208 2366 otium
3254 2300 3617 2381 subiacere,
3684 2306 3749 2363 et
3794 2304 4044 2382 sumpto
4090 2298 4370 2363 exercitu

1114 2423 1230 2488 per
1286 2402 1652 2468 Pannonias
1710 2402 2013 2467 Stilicone
2070 2409 2136 2468 et
2196 2404 2548 2468 Aureliano
2611 2404 2983 2469 consulibus
3002 2407 3041 2485 ³)
3111 2411 3176 2469 et
3229 2423 3345 2488 per
3402 2402 3706 2467 Sirmium
3767 2401 4116 2483 dextroque
4172 2401 4371 2465 latere

1114 2505 1302 2589 quasi
1360 2505 1516 2570 viris
1578 2524 1847 2570 vacuam
1907 2506 2170 2571 intravit
2212 2506 2471 2570 Italiam
2537 2506 2839 2589 nulloque
2894 2506 3150 2591 penitus
3196 2506 3548 2571 obsistente
3592 2504 3680 2569 ad
3722 2510 3977 2589 pontem
4023 2502 4374 2588 applicavit

954 2612 1073 2673 148
1122 2607 1541 2689 candidiani,
1608 2608 1717 2689 qui
1761 2609 1948 2673 tertio
1995 2609 2273 2673 miliario
2326 2609 2407 2673 ab
2455 2610 2612 2675 urbe
2658 2610 2883 2674 aberat
2926 2609 3106 2693 regia
3150 2610 3548 2674 Ravennate.
3642 2627 3807 2692 quae
3852 2608 4005 2672 urbs
4049 2606 4215 2671 inter
4256 2626 4372 2691 pa·
4407 2616 4459 2658 2⁰

1118 2710 1306 2776 ludes
1352 2718 1417 2776 et
1458 2710 1694 2795 pelago
1737 2711 2029 2794 interque
2074 2712 2237 2776 Padi
2283 2710 2531 2777 fluenta
2573 2712 2761 2777 unius
2807 2719 3051 2777 tantum
3096 2717 3273 2796 patet
3313 2730 3612 2793 accessu,
3682 2711 3863 2776 cuius
3924 2710 4164 2775 dudum
4223 2728 4371 2794 pos-

1118 2832 1423 2894 sessores,
1476 2821 1550 2879 ut
1592 2813 1853 2879 tradunt
1894 2814 2188 2897 maioreS,
2243 2816 2491 2895 αἰνετοί,
2541 2815 2613 2880 id
2659 2824 2757 2880 est
2800 2815 3187 2893 laudabiles,
3242 2815 3639 2880 dicebantur.
3719 2813 3881 2879 haec
3908 2813 3976 2877 in
4015 2813 4155 2878 sino
4191 2812 4385 2898 regni·

1290 3158 1405 3205 ΗΡ
1428 3158 1529 3206 VL
1549 3159 1595 3205 A
1616 3160 1794 3220 S(1’nc.
1823 3158 1885 3208 16
1908 3173 2037 3219 mox,
2067 3160 2173 3222 finit
2194 3156 2259 3208 20
2278 3159 2589 3219 Ravennate)
2617 3159 2721 3207 OB
2741 3160 2820 3218 X(
2840 3160 2979 3221 YZ).
3032 3159 3222 3207 Paulus
3247 3160 3294 3209 h.
3323 3159 3384 3206 R.
3418 3163 3500 3221 11,
3533 3162 3597 3207 15
3631 3156 3710 3219 (ad
3735 3158 3765 3207 3
3790 3158 4038 3221 praeiens)
4069 3157 4117 3205 h.
4147 3156 4206 3205 L.
4237 3158 4284 3217 2,
4311 3161 4372 3207 u

1129 3243 1202 3307 (21
1247 3246 1391 3292 cuius
1428 3270 1498 3279 -
1534 3243 1599 3292 22
1638 3244 1974 3305 dicebantur).

1296 3399 1317 3448 1
1359 3401 1600 3461 paucibus
1640 3400 1683 3448 Ο
1915 3398 1945 3448 2
1983 3402 2219 3461 princens
2255 3401 2302 3448 A
2534 3399 2562 3447 3
2602 3402 2812 3461 exequis
2862 3401 2900 3445 V
3103 3403 3344 3448 feretrum
3381 3401 3477 3448 AX
3682 3402 3883 3461 prelens
3924 3399 3985 3459 Ο,
4025 3413 4233 3461 presens
4266 3399 4310 3447 L

1121 3487 1386 3535 aitanarico
1427 3486 1487 3546 Ο,
1528 3487 1776 3534 atanarico
1811 3487 1872 3546 Β,
1914 3487 2082 3534 athan.
2118 3488 2163 3533 A
2407 3484 2440 3534 4
2479 3482 2613 3553 eius]
2651 3488 2766 3533 eius
2803 3488 2913 3534 eius
2950 3490 3013 3547 A,
3054 3501 3150 3535 om.
3185 3488 3276 3536 OB
3516 3487 3760 3535 theodosii
3796 3499 3892 3535 om.
3922 3486 3968 3532 A
4213 3481 4375 3551 perd]

1123 3572 1264 3635 perd.
1306 3571 1396 3619 hac
1433 3572 1479 3619 A
1688 3572 1717 3620 5
1757 3573 1916 3620 efficit
1950 3572 2047 3629 VB,
2088 3572 2308 3620 eflicitur
2344 3572 2390 3618 A
2601 3572 2841 3634 miliaque
2882 3573 2971 3620 OB
3180 3573 3210 3622 6
3247 3574 3472 3634 principe
3508 3586 3603 3621 om.
3634 3574 3681 3620 A
3890 3571 3917 3618 7
3956 3576 4244 3630 tyrrannum
4270 3571 4314 3618 P

1122 3658 1311 3705 occioso
1347 3657 1392 3703 Β
1604 3655 1635 3706 8
1671 3657 1732 3704 de
1767 3672 1843 3720 pr.
1877 3664 1972 3715 tyr.
2009 3657 2266 3719 (tyrranno
2295 3656 2352 3717 P)
2394 3671 2490 3705 om.
2521 3659 2568 3705 A
2774 3656 2806 3705 9
2844 3660 3003 3718 potita
3039 3658 3100 3718 L,
3141 3660 3307 3719 potius
3348 3657 3390 3706 Ο
3603 3657 3665 3707 10
3702 3661 3915 3705 armatos
3954 3656 4033 3704 1²⁰
4244 3658 4375 3718 pacis

1123 3738 1442 3808 generisque]
1478 3756 1530 3803 p.
1560 3744 1831 3804 gentisque
1858 3744 1967 3801 ΧΥ,
2012 3743 2314 3804 generisque
2343 3742 2403 3803 Ο,
2448 3744 2642 3803 generis
2666 3742 2711 3789 Β
2920 3740 3205 3809 gothorum]
3240 3758 3299 3804 go
3328 3744 3371 3791 O
3583 3742 3640 3792 11
3681 3744 3775 3791 mii
3800 3745 3911 3790 eius
3936 3744 3983 3790 A
4190 3749 4375 3790 utrum-

1127 3841 1226 3889 que
1250 3842 1353 3874 rem
1380 3829 1632 3889 publicum
1664 3827 1707 3876 Ο
1913 3829 2164 3876 luxoriose
2190 3815 2326 3875 11⁶0
2541 3827 2602 3876 12
2641 3829 3001 3890 auxiliarisque
3031 3829 3073 3876 Ο
3281 3843 3396 3876 mox
3419 3830 3558 3890 gothi
3586 3829 3628 3877 Ο
3840 3815 3900 3876 13
3940 3835 4240 3889 ueretesque
4264 3828 4317 3875 Η

1126 3909 1486 3979 resolueretur]
1525 3900 1747 3975 ossbxr,
1790 3914 2162 3961 resoluerentur
2199 3912 2287 3974 B‘,
2331 3926 2385 3961 se
2423 3914 2644 3962 solueret
2679 3914 2913 3961 HPVLA
3155 3915 3383 3964 ordinant
3420 3930 3459 3964 s.
3498 3929 3544 3963 s.
3585 3927 3752 3974 regem
3791 3913 3837 3960 Β
4109 3914 4171 3962 14
4207 3915 4376 3962 alarico

1130 3999 1383 4060 (alaricum
1408 3999 1468 4061 Β)
1513 3999 1707 4047 LOBX
1714 4000 1753 4046 Y
1772 4004 1816 4047 et
1839 4002 1910 4047 sic
1933 4003 2041 4048 sine
2065 4000 2096 4046 h
2121 3999 2166 4046 Β
2188 4012 2374 4060 semper
2583 4000 2968 4061 baltharumque
2994 3999 3055 4060 B,
3097 4001 3441 4062 baltarumque
3482 4001 3525 4048 O
3736 4000 3797 4048 15
3834 4000 4088 4048 audaciam
4124 4000 4318 4048 ABXY

1121 4084 1271 4133 batha
1306 4085 1352 4132 A
1593 4086 1727 4133 inter
1764 4081 1901 4150 suos]
1936 4099 2032 4133 om.
2062 4085 2123 4143 L,
2165 4085 2261 4133 int.
2306 4097 2422 4132 suos
2461 4098 2593 4133 nom.
2633 4086 2682 4132 X
2694 4085 2734 4132 Y
2894 4127 2908 4141 ,
2976 4084 3037 4134 16
3074 4091 3373 4148 acceperunt
3412 4084 3490 4132 P⁰
3731 4087 4012 4134 antefactus
4048 4087 4111 4144 A,
4153 4098 4249 4134 om.
4281 4084 4317 4132 S

1124 4172 1337 4218 alaricus
1376 4169 1461 4218 SO
1669 4184 1759 4219 rex
1794 4184 1863 4218 cr.
1904 4176 1982 4219 est
2016 4170 2060 4218 L
2297 4171 2457 4217 suasit
2497 4183 2582 4218 eos
2617 4184 2707 4218 suo
2744 4167 2870 4236 lab.]
2906 4170 3107 4229 HPVA,
3152 4172 3312 4220 suasit
3347 4185 3432 4220 eos
3469 4171 3531 4230 L,
3572 4173 3733 4220 suasit
3771 4183 3861 4219 suo
3895 4171 3991 4220 lab.
4033 4170 4184 4232 SOB,
4225 4172 4377 4219 labore

1125 4257 1262 4303 XYZ
1473 4255 1531 4305 17
1572 4270 1725 4316 regua
1759 4270 1843 4318 qu.
1883 4255 1927 4303 L
2140 4251 2324 4321 otium]
2359 4256 2527 4303 odium
2561 4256 2659 4304 HL
2870 4258 3155 4304 subiaceret
3190 4262 3243 4304 et
3277 4258 3316 4306 S
3528 4256 3590 4306 18
3628 4261 3691 4306 st.
3740 4257 4015 4318 (istilocone
4050 4256 4109 4316 Ο)
4152 4261 4205 4304 et
4240 4270 4375 4306 aure·

1126 4342 1258 4389 liano
1300 4341 1520 4401 (ariliano
1555 4341 1702 4401 SOB)
1746 4355 1883 4389 cons.
1924 4354 2022 4391 om.
2065 4342 2109 4388 A
2362 4343 2601 4389 sermium
2638 4340 2724 4389 SO
2966 4338 3268 4408 dextroque]
3306 4342 3480 4392 dextro
3517 4342 3649 4391 SOB
3907 4341 3966 4391 19
4004 4339 4154 4408 uiris]
4195 4358 4223 4391 a
4258 4345 4377 4392 uiris

1125 4427 1265 4474 XYZ
1472 4423 1735 4493 nulloque]
1772 4427 1908 4474 nullo
1944 4425 2077 4474 SOB
2309 4426 2592 4475 obsistante
2633 4427 2691 4488 Ο,
2734 4428 3001 4475 resistente
3039 4427 3180 4501 X'YZ
3405 4428 3858 4490 ad(velp)p1icauit
3893 4427 4182 4490 ASOBXY,
4225 4429 4377 4491 appli-

1124 4513 1234 4560 cuit
1269 4511 1454 4559 HPVL
1667 4510 1731 4560 20
1768 4512 2056 4560 condiniani
2093 4510 2195 4574 SO,
2242 4512 2544 4559 concliniani
2585 4512 2630 4559 Β
2837 4508 3030 4578 aberat]
3068 4519 3175 4561 erat
3210 4513 3344 4561 soB
3551 4516 3686 4575 regia
3721 4527 3817 4562 om.
3854 4515 3901 4561 A
4110 4519 4378 4563 reuennate

1130 4597 1173 4645 Ο
1382 4599 1532 4645 urbes
1573 4596 1616 4644 Ο
1826 4595 1888 4645 21
1929 4593 2127 4662 pelago]
2164 4595 2376 4658 HPVO,
2416 4597 2619 4658 paelago
2657 4598 2718 4659 L,
2758 4598 2993 4659 pelagum
3030 4599 3091 4658 Β,
3132 4599 3338 4661 pelagus
3376 4600 3423 4646 X
3435 4600 3485 4659 Υ,
3526 4600 3727 4662 pelagos
3764 4600 3810 4647 A
4017 4596 4273 4667 interque]
4304 4601 4379 4647 in-

1130 4688 1208 4732 ter
1247 4682 1430 4731 ΟΧΥΖ
1663 4679 1842 4750 unius]
1879 4684 1970 4731 uni
2010 4682 2118 4742 OB,
2162 4696 2262 4730 uno
2302 4682 2493 4729 AXYZ
2725 4685 2944 4731 accessui
2988 4684 3128 4731 ΟΒΧ
3138 4685 3187 4743 Y,
3227 4685 3473 4733 accessuri
3513 4683 3559 4731 P
3761 4691 3820 4734 ut
3854 4691 3919 4738 tr.
3960 4687 4076 4735 mai.
4117 4700 4250 4749 poss.
4294 4683 4377 4733 OB

1129 4767 1192 4817 22
1231 4775 1378 4828 enety
1413 4768 1720 4829 HPVLOX,
1761 4768 1935 4827 enithy
1982 4768 2033 4827 Y,
2074 4768 2262 4815 enithii
2299 4769 2359 4829 Z,
2403 4769 2541 4817 eneti
2577 4767 2623 4816 B
2648 4768 2855 4829 Paulus,
2898 4771 3086 4816 enemti
3123 4771 3168 4816 A
3376 4770 3428 4817 id
3465 4784 3518 4818 es
3559 4771 3602 4818 O
3809 4773 3926 4820 sinu
3964 4772 4203 4820 ΑΟΒΧΥ

1306 5061 1351 5121 1)
1400 5061 1745 5111 Cassiodorius
1781 5064 1834 5109 in
1868 5060 2034 5110 chron.
2076 5061 2143 5108 ad
2180 5076 2227 5110 α.
2268 5061 2405 5111 382.·
2454 5062 2793 5110 Athanaricus
2840 5076 2927 5110 rex
2967 5063 3238 5111 Gothorum
3275 5062 3757 5124 Constantinopolim
3792 5064 3970 5124 ibique
4006 5064 4162 5111 vitam
4198 5065 4374 5124 exegit,

1131 5151 1336 5194 mutans
1371 5147 1702 5208 Prosperiana
1737 5150 1808 5195 sic
1842 5151 2102 5208 concepta.-
2151 5147 2488 5196 Athanaricus
2537 5161 2627 5196 rex
2665 5146 2938 5196 Gothorum
2975 5150 3109 5211 apud
3149 5149 3630 5211 Constantinopolim
3664 5162 3736 5196 xv
3783 5162 3880 5210 quo
3925 5149 4090 5198 fuerat
4125 5155 4379 5211 susceptus

1131 5231 1213 5279 die
1249 5233 1511 5281 occiditur.
1588 5233 1773 5281 similia
1809 5233 2105 5281 Ammianus
2142 5233 2224 5296 27,
2267 5236 2316 5294 5,
2363 5233 2465 5281 10.·
2516 5234 2606 5281 ubi
2647 5233 3110 5296 (Constantinopoli)
3158 5271 3171 5284 .
3204 5272 3214 5285 .
3250 5270 3263 5284 .
3303 5234 3640 5283 Athanaricus
3680 5270 3692 5282 .
3725 5271 3737 5284 .
3769 5269 3781 5283 .
3823 5235 3965 5283 fatali
4008 5241 4140 5284 sorte
4176 5237 4382 5284 decessit

1132 5322 1186 5365 et
1221 5318 1499 5368 ambitiosis
1536 5319 1768 5380 exequiis
1803 5320 1904 5367 ritu
1941 5320 2168 5381 sepultus
2205 5322 2283 5367 est
2325 5325 2509 5370 nostro.
2587 5317 2909 5368 Marcellinus
2946 5320 3011 5368 ad
3047 5336 3096 5370 α.
3139 5323 3235 5369 381
3258 5338 3274 5369 .·
3311 5321 3648 5369 Athanaricus
3684 5333 3774 5368 rex
3812 5319 4101 5381 Gothorum,
4144 5336 4256 5369 cum
4291 5333 4381 5382 quo

1133 5402 1437 5451 Theodosius
1486 5405 1610 5466 imp.
1659 5403 1835 5452 foedus
1881 5406 2168 5466 pepigerat,
2231 5403 2716 5466 Constantinopolim
2762 5419 2937 5454 mense
2984 5407 3217 5455 Ianuario
3263 5409 3407 5455 venit
3449 5407 3724 5468 eodemque
3770 5420 3945 5454 mense
3997 5407 4163 5455 morbo
4216 5408 4376 5469 periit.

1137 5488 1343 5536 Orosius
1379 5490 1430 5549 7,
1471 5491 1556 5549 34,
1599 5491 1650 5538 6.
1695 5492 1739 5537 7.
1818 5489 2021 5538 Idae-ius
2058 5489 2158 5537 chr.
2200 5494 2245 5537 et
2284 5487 2404 5548 sust.
2448 5488 2514 5538 ad
2548 5504 2596 5539 α.
2641 5491 2761 5541 381.
2840 5492 3064 5539 Zosimus
3100 5499 3151 5551 4,
3191 5494 3277 5544 34.
3352 5491 3578 5541 Socrates
3616 5495 3664 5552 6,
3706 5493 3792 5541 10.

1310 5572 1357 5636 2)
1401 5573 1473 5634 es.
1518 5575 1726 5623 Orosius
1761 5577 1811 5636 7,
1852 5575 1935 5634 34,
1980 5578 2044 5623 7.·
2092 5565 2358 5623 universae
2395 5575 2667 5624 Gothorum
2719 5583 2897 5636 gentes
2934 5590 3048 5637 rege
3085 5578 3323 5626 defuncto
3355 5578 3688 5641 adspicientes
3724 5580 3967 5627 virtutem
4001 5579 4381 5639 benignitatem·

1139 5673 1238 5720 que
1275 5660 1543 5708 Theodosii
1579 5661 1797 5709 Romano
1832 5675 1944 5709 sese
1978 5664 2190 5724 imperio
2226 5661 2545 5711 dediderunt.

1311 5745 1357 5808 3)
1403 5746 1608 5807 Prosper
1643 5747 1709 5794 ad
1744 5763 1791 5794 a.
1824 5763 1877 5809 p.
1917 5746 1968 5796 C.
2001 5748 2139 5797 400:
2178 5747 2416 5797 Stilicone
2453 5753 2507 5796 et
2539 5749 2829 5798 Aureliano.
2893 5747 3045 5797 Gothi
3071 5750 3268 5797 Italiam
3293 5750 3488 5798 Alarico
3523 5754 3576 5797 et
3600 5750 3872 5809 Radagaiso
3904 5751 4117 5800 ducibus
4150 5753 4382 5813 ingressi.
