4882 6775
2005 502 2339 557 ROMANA.
2862 487 2874 505 ⁶
3724 509 3800 570 13

159 690 615 756 1¹0ru=¹.6.³in
674 709 971 770 censum,
1041 688 1332 773 digestus
1376 690 1441 754 in
1488 690 1768 774 classes,
1833 690 2112 757 decuriis
2155 697 2346 775 atque
2392 692 2684 775 collegiis
2731 691 3141 773 distributae,
3210 711 3585 776 summaque
3631 693 3803 777 regis

362 1120 517 1166 1,7,1

369 3285 406 3329 1.

548 794 836 860 sollertia
893 793 987 858 ita
1045 799 1145 858 est
1204 792 1497 859 ordinata
1552 813 1657 859 res
1715 795 2005 880 publica,
2073 801 2143 860 ut
2196 795 2412 861 omnia
2469 795 2833 880 patrimonii
2895 794 3234 879 dignitatis
3293 796 3526 862 aetatis
3571 796 3801 861 artium

547 897 1028 978 officiorumque
1084 896 1454 961 discrimina
1508 897 1577 961 in
1631 898 1887 963 tabulas
1932 897 2321 964 referrentur
2365 918 2445 964 ac
2488 899 2580 963 sic
2626 899 2909 964 maxima
2953 899 3182 964 civitas
3227 899 3529 965 minimae
3575 898 3801 965 domus

548 999 886 1083 diligentia
929 1005 1394 1065 conteneretur.

720 1103 1088 1168 Postremus
1153 1101 1277 1167 fuit
1342 1102 1624 1167 omnium
1692 1122 1916 1185 regum
1976 1102 2388 1184 Tarquinius,
2463 1103 2564 1168 cui
2623 1122 2977 1186 cognomen
3035 1103 3326 1187 Superbo
3378 1124 3462 1169 ex
3518 1104 3802 1173 moribus

428 1232 467 1261 ο.
496 1220 523 1262 2
549 1204 790 1270 datum.
887 1204 992 1270 hic
1035 1224 1302 1288 regnum
1348 1205 1611 1285 avitum,
1665 1205 1836 1289 quod
1880 1227 1921 1271 a
1967 1205 2193 1273 Servio
2237 1206 2597 1288 tenebatur,
2648 1226 2875 1291 rapere
2920 1206 3151 1272 maluit
3193 1226 3385 1289 quam
3431 1212 3794 1290 expectare,

551 1308 895 1392 missisque
952 1307 1021 1372 in
1079 1328 1225 1373 eum
1284 1308 1767 1392 percussoribus
1812 1310 2054 1375 scelere
2099 1316 2349 1394 partam
2394 1314 2777 1394 potestatem
2822 1330 2948 1374 non
2993 1310 3225 1375 melius
3270 1310 3404 1393 egit
3447 1329 3639 1391 quam
3684 1309 3805 1375 ad-

428 1439 467 1467 c-
497 1429 522 1467 ³
550 1411 919 1495 quisiverat.
1003 1431 1122 1476 nec
1164 1411 1554 1477 abhorrebat
1586 1412 1883 1485 moribus
1915 1433 2074 1477 uxor
2101 1413 2340 1494 Tullia,
2394 1432 2542 1495 que,
2595 1419 2667 1478 ut
2708 1412 2916 1477 virum
2960 1432 3179 1497 regem
3226 1414 3556 1494 salutaret,
3609 1431 3804 1497 supra

428 1541 468 1570 e·
497 1530 520 1569 4
551 1522 881 1581 cruentum
946 1522 1193 1599 patrem
1260 1521 1446 1581 vecta
1510 1521 1815 1599 carpento
1881 1521 2319 1581 consternatos
2385 1534 2587 1597 equos
2654 1506 2890 1599 exegit.
2986 1516 3105 1581 sed
3169 1514 3310 1602 ipse
3374 1516 3443 1580 in
3508 1521 3803 1580 senatum

551 1618 891 1697 caedibus,
965 1619 1032 1682 in
1098 1617 1351 1702 plebem
1420 1618 1824 1699 verberibus,
1905 1617 1973 1682 iu
2040 1638 2263 1684 omnes
2329 1619 2667 1703 superbia,
2749 1638 2872 1703 que
2942 1618 3320 1684 crudelitate
3387 1617 3644 1701 gravior
3707 1623 3807 1683 est

432 1747 473 1775 c·
502 1737 527 1775 ⁵
552 1721 771 1802 bouis,
838 1727 1172 1803 grassatus
1233 1740 1374 1785 cum
1436 1721 1731 1785 sevitiam
1793 1720 1965 1786 domi
2024 1721 2396 1804 fatigasset,
2463 1721 2721 1786 tandem
2778 1721 2848 1786 in
2892 1726 3064 1787 ostes
3109 1738 3454 1786 conversus
3498 1727 3620 1785 est.
3713 1719 3807 1785 sic

434 1849 472 1878 c·
504 1839 529 1877 ⁶
556 1825 775 1890 valida
819 1824 1003 1890 Latio
1047 1822 1287 1909 oppida
1331 1831 1519 1909 capta
1564 1831 1744 1906 sunt,
1804 1825 2049 1905 Ardea,
2104 1823 2495 1905 Ocricolum,
2550 1824 2776 1905 Gavii,
2830 1824 3072 1889 Suessa
3115 1823 3425 1887 Pometia.
3520 1828 3652 1886 tum
3700 1842 3808 1887 co-

555 1948 679 2010 que
733 1934 1032 1993 cruentus
1087 1927 1154 1991 in
1210 1945 1383 1992 suos.
1478 1946 1686 2009 neque
1731 1927 1900 1993 enim
1946 1927 2149 1992 filium
2196 1927 2537 1992 verberare
2584 1927 2936 2010 dubitavit,
3002 1932 3071 1991 ut
3118 1925 3481 1991 simulantis
3522 1923 3806 1990 transfu—

435 2056 474 2086 ο.
506 2047 529 2086 ⁷
559 2051 706 2113 gam
763 2030 938 2114 apud
995 2030 1238 2095 hostes.
1267 2029 1418 2094 binc
1475 2029 1639 2094 fides
1701 2036 1895 2096 esset.
1989 2050 2114 2114 quo
2169 2052 2210 2095 a
2255 2030 2481 2095 Gaviis
2539 2036 2609 2095 ιιι
2652 2030 2944 2095 voluerat
2986 2035 3240 2113 recepto
3285 2035 3350 2094 et
3394 2048 3509 2112 per
3551 2028 3806 2093 nuntios

553 2132 911 2199 consulenti
969 2132 1123 2216 quid
1178 2131 1316 2197 fieri
1367 2132 1594 2213 vellet,
1649 2132 1997 2198 eminentia
2041 2132 2203 2198 forte
2249 2154 2643 2217 papaverum
2690 2134 2903 2216 capita
2947 2133 3200 2215 virgula
3245 2132 3607 2213 excutiens,
3661 2151 3803 2196 cum

554 2258 668 2322 per
710 2238 827 2302 hoc
872 2235 1346 2301 interficiendos
1393 2255 1537 2301 esse
1582 2235 1902 2320 principes
1948 2236 2145 2302 vellet
2186 2236 2521 2319 intellegi,
2588 2257 2717 2319 qua
2762 2235 3066 2320 superbia
3109 2235 3203 2300 sic
3246 2234 3614 2318 respondit,
3668 2234 3692 2318 ΙΙ
3740 2240 3809 2298 ιιι

436 2366 477 2395 0-
506 2355 530 2395 8
559 2346 892 2406 senserant
911 2342 947 2421 ¹)
991 2338 1016 2423 ΙΙ
1045 2345 1283 2404 tamen.
1378 2337 1458 2403 de
1502 2338 1823 2404 manubiis
1867 2345 2210 2422 captarum,
2250 2339 2502 2404 urbium
2545 2341 2854 2424 templum
2900 2339 3123 2405 erexit.
3217 2337 3390 2421 quod
3433 2357 3575 2402 cum
3620 2336 3808 2401 inau—

436 2470 474 2498 ο.
505 2460 530 2498 ⁹
556 2449 910 2526 guraretur,
963 2440 1340 2507 cedentibus
1385 2440 1614 2506 ceteris
1660 2440 1806 2521 diis,
1857 2440 2020 2505 mira
2062 2459 2165 2506 res
2211 2441 2444 2507 dicitur
2487 2441 2811 2507 extitisse:
2861 2442 3162 2508 resistere
3204 2442 3509 2506 Iuventas
3553 2446 3619 2504 et
3646 2438 3808 2504 Ter-

555 2546 787 2610 minus.
884 2544 1128 2629 placuit
1184 2544 1442 2608 vatibus
1488 2544 1884 2610 contumacia
1928 2544 2289 2623 numinum,
2359 2544 2414 2609 si
2459 2543 2717 2627 quidem
2765 2545 2949 2608 firma
2991 2543 3205 2609 omnia
3248 2551 3313 2609 et
3355 2549 3620 2608 aeterna
3665 2541 3804 2624 pol-

552 2649 931 2714 licebantur.
1051 2647 1170 2713 sed
1225 2646 1389 2712 illud
1446 2647 1839 2729 hortentius,
1907 2648 2078 2730 quod
2134 2648 2546 2713 molientibus
2605 2647 2791 2713 edem
2846 2647 2915 2712 in
2968 2645 3405 2711 fundamentis
3459 2645 3806 2708 humanum

553 2759 744 2837 caput
809 2756 1130 2836 repertum
1200 2746 1321 2816 e'st.
1414 2770 1533 2816 nec
1599 2750 1973 2819 dubitavere
2040 2751 2250 2816 cuncti
2316 2758 2663 2817 monstrum
2731 2749 3225 2835 pulcherrimum
3279 2747 3533 2833 imperii
3586 2748 3806 2813 sedem

409 2883 448 2911 c·
483 2872 530 2913 ¹⁰
557 2863 874 2940 caputque
933 2860 1245 2919 terrarum
1305 2854 1692 2937 promittere.
1787 2853 2032 2919 tamdiu
2093 2854 2459 2938 superbiam
2522 2854 2694 2937 regis
2753 2854 3028 2939 populus
3079 2854 3406 2917 Romanus
3461 2868 3806 2937 perpessus

556 2965 684 3040 est,
751 2957 958 3022 donec
1012 2956 1237 3021 aberat
1296 2955 1532 3022 libido:
1613 2956 1780 3021 hanc
1839 2977 1922 3022 ex
1978 2955 2198 3022 liberis
2256 2957 2396 3022 eius
2452 2956 2974 3042 inportunitatem
3038 2957 3315 3021 tolerare
3382 2974 3508 3019 non
3569 2953 3802 3039 potuit.

411 3088 449 3117 c·
483 3077 526 3118 ιι
557 3081 821 3145 quorum
868 3080 1013 3125 cum
1058 3059 1221 3124 alter
1264 3058 1710 3125 ornatissimae
1756 3058 2036 3127 feminae
2081 3059 2415 3125 Lucretiae
2463 3066 2749 3145 stuprum
2793 3059 3139 3140 intulisset,
3189 3063 3480 3123 matrona
3525 3054 3807 3122 dedecus

437 3283 477 3330 Β.

440 3501 479 3530 ο.
509 3489 535 3532 2
563 3482 631 3540 ut
685 3474 781 3540 rei
840 3473 1138 3558 publicae
1194 3472 1357 3538 ratio
1411 3479 1477 3539 et
1530 3472 1776 3538 utilitas
1832 3474 2223 3557 postulabat.

510 3283 529 3324 1

555 3163 721 3230 ferro
766 3162 1075 3247 expiavit,
1125 3160 1463 3246 imperium
1508 3162 1769 3245 regibus
1814 3162 2213 3245 abrogatum.

728 3267 907 3331 Haec
952 3270 1052 3331 est
1094 3265 1303 3350 prima
1345 3272 1527 3330 aetas
1570 3265 1791 3351 populi
1836 3266 2106 3331 Romani
2150 3273 2215 3331 et
2259 3265 2447 3348 quasi
2489 3264 2798 3349 infantia,
2863 3284 3053 3347 quam
3113 3261 3341 3328 habuit
3382 3263 3502 3328 sub
3547 3261 3807 3345 regibus

555 3378 821 3457 septem,
856 3367 877 3456 ΙΙ
905 3389 1020 3454 per
1048 3387 1273 3450 annos,
1310 3374 1381 3434 ut
1410 3368 1711 3450 diximus,
1749 3386 2006 3435 ccxnm
2026 3371 2068 3452 ²)
2089 3422 2102 3452 ,
2127 3367 2149 3456 ΙΙ
2179 3368 2457 3452 quadam
2489 3369 2762 3435 fatorum
2793 3366 3266 3434 industriatam
3298 3366 3493 3431 variis
3519 3364 3801 3450 ingenio,

440 3604 479 3632 c.
508 3594 533 3634 a
561 3577 710 3658 fuit,
762 3583 835 3641 ιιι
876 3574 1212 3641 invaderet
1254 3595 1547 3659 regnum.
1640 3576 1796 3658 quid
1839 3577 2054 3641 Numa
2099 3575 2510 3659 religiosius?
2594 3575 2688 3641 ita
2732 3594 2836 3641 res
2881 3573 3203 3659 poposcit,
3262 3579 3332 3638 ut
3376 3571 3558 3638 ferox
3602 3591 3807 3656 popu-

438 3706 477 3736 ο.
507 3697 531 3737 ⁴
559 3682 660 3745 lus
726 3678 989 3748 deorum
1054 3685 1229 3744 metu
1294 3673 1719 3761 mitigaretur]
1813 3677 1967 3770 quid
2033 3678 2146 3744 ille
2206 3678 2473 3743 militiae
2534 3677 2766 3743 artifex
2826 3678 3104 3742 Tullus?
3175 3675 3596 3741 bellatoribus
3652 3673 3806 3738 viris
3846 3694 3907 3736 ³⁰

558 3803 750 3866 quam
810 3781 1242 3859 necessarius,
1318 3788 1389 3846 ut
1446 3787 1707 3847 acueret
1764 3781 2008 3846 ratione
2067 3781 2391 3846 virtutem.
2488 3781 2643 3863 quid
2701 3780 3070 3846 aedificator
3125 3780 3386 3845 Ancus?
3458 3784 3528 3844 ιιι
3584 3777 3806 3842 urbem

439 3912 478 3942 e·
509 3902 534 3942 ³
561 3885 812 3952 colonia
854 3884 1263 3966 extenderet,
1331 3891 1523 3969 ponte
1566 3885 1895 3967 iungeret,
1956 3904 2134 3949 muro
2180 3890 2483 3949 tueretur.
2577 3885 2707 3948 iam
2752 3904 2902 3949 vero
2946 3889 3323 3948 ornamenta
3365 3879 3701 3963 Tarquinii
3745 3884 3810 3944 et

439 4015 478 4044 e·
509 4004 534 4044 6
559 3988 873 4072 insignia,
925 3994 1230 4070 quantam
1275 3987 1550 4072 principi
1594 3988 1829 4072 populo
1874 3986 2264 4054 addiderunt
2306 4008 2387 4052 ex
2428 3987 2574 4073 ipso
2619 3987 2796 4052 abitu
2845 3986 3269 4070 dignitatem?
3341 3992 3524 4051 actus
3568 4006 3609 4049 a
3653 3983 3807 4048 Ser-

436 4117 475 4147 e·
507 4107 530 4147 ⁷
556 4093 660 4157 vio
705 4109 937 4157 census
982 4089 1138 4172 quid
1182 4090 1417 4170 effecit,
1468 4090 1595 4155 nisi
1640 4097 1710 4155 ut
1751 4090 1897 4175 ipsa
1943 4110 2011 4156 se
2056 4097 2276 4156 nosset
2317 4091 2608 4155 Romana
2651 4110 2756 4156 res
2800 4089 3101 4174 publica?
3169 4096 3489 4174 postremo
3535 4084 3807 4171 Superbi

556 4195 735 4260 illius
791 4193 1134 4278 inportuna
1191 4192 1539 4258 dominatio
1597 4193 1882 4258 nonnihil
1907 4246 1921 4275 ,
1987 4193 2182 4258 immo
2245 4194 2348 4258 vel
2409 4194 2755 4277 plurimum
2799 4192 3060 4277 profuit.
3155 4192 3250 4257 sic
3293 4190 3464 4256 enim
3509 4190 3806 4254 effectum

3838 1021 3863 1061 ⁴

3847 1106 3965 1167 103

3847 1518 3961 1579 104

3846 1637 3902 1678 ιο

3848 2032 3967 2093 105

3846 2153 3906 2194 15

3848 2342 3968 2402 106

3846 2666 3906 2709 20

3849 2855 3966 2917 107

3843 3179 3904 3223 25

3850 3264 3968 3328 108

2317 3493 2468 3537 nam
2523 3471 2680 3555 quid
2721 3472 2984 3537 Romolo
3028 3469 3400 3536 ardentius?
3486 3468 3602 3534 tali
3646 3487 3806 3552 opus
3836 3472 3967 3546 ,109

3850 3883 3969 3948 110

3845 4212 3906 4254 35

368 4312 480 4355 Bur·
507 4311 533 4353 ²
560 4305 689 4380 est,
755 4303 828 4362 ιιι
885 4296 1164 4380 agitatus
1206 4296 1460 4360 iniuriis
1503 4297 1779 4381 populus
1824 4295 2173 4381 cupiditate
2218 4296 2539 4361 libertatis
2583 4295 3052 4361 incenderetur.
3112 4294 3136 4378 ΙΙ
3188 4300 3558 4375 mutataque
3602 4289 3809 4374 regali
3848 4298 3958 4358 111

558 4399 987 4466 dominatione
1046 4399 1134 4464 ad
1192 4400 1519 4463 consolum
1577 4399 1817 4464 infulas
1874 4418 1943 4465 se
2004 4399 2350 4476 conferret;
2419 4399 2529 4480 qui
2571 4398 2708 4465 bini
2751 4399 2819 4463 in
2862 4398 3051 4463 annis
3097 4397 3369 4480 singulis
3414 4416 3546 4460 rem
3592 4393 3809 4479 publi-

557 4524 696 4570 cam
756 4503 1190 4586 gubernantes
1250 4501 1541 4584 sequenti
1599 4523 1769 4567 anno
1829 4504 1911 4569 ab
1971 4503 2120 4567 aliis
2179 4503 2584 4599 venientibus
2650 4500 3189 4582 succedebantur,
3264 4498 3669 4581 scientesque
3736 4516 3808 4561 se

556 4606 740 4672 annis
798 4612 1044 4671 tantum
1103 4605 1376 4688 singulis
1442 4624 1743 4690 praeesse
1802 4606 1869 4671 in
1934 4607 2171 4690 populo
2236 4604 2452 4671 taliter
2517 4625 2675 4689 erga
2739 4604 2903 4670 alios
2969 4604 3282 4687 agebant,
3357 4601 3631 4685 qualiter
3697 4620 3806 4666 eos

728 4817 783 4862 H
804 4816 849 4862 P
878 4815 978 4863 VS
998 4815 1043 4863 L
1079 4813 1343 4874 Freculfus
1379 4815 1415 4863 l.
1455 4830 1501 4864 c.
1545 4814 1630 4876 (ad
1666 4815 1697 4863 4
1734 4814 2125 4876 conteneretur).
2165 4842 2235 4851 —
2274 4813 2404 4864 Mur.
2439 4829 2495 4876 p.
2525 4801 2651 4862 226⁶
2686 4832 2734 4862 v.
2766 4812 2829 4862 10
2867 4813 3042 4861 -dibus
3080 4813 3135 4860 in
3171 4811 3386 4874 plebem.

729 4936 759 4984 5
797 4940 1103 4997 posttremus
1143 4934 1187 4981 P
1390 4937 1630 4996 superbos
1655 4936 1709 4997 S,
1749 4937 2001 5000 superbus
2024 4935 2068 4982 L
2275 4931 2523 5001 moribus]
2560 4936 2754 4983 meritis
2789 4934 2832 4982 L
3041 4931 3072 4981 6
3109 4931 3317 4979 seruitio
3353 4931 3406 4977 H
3610 4926 3809 4996 maluit]

559 5023 735 5069 maluit
759 5023 802 5069 it
826 5021 890 5082 H,
921 5021 1150 5068 malumit
1173 5019 1245 5067 Ρ(ι
1425 5020 1452 5068 “1
1490 5017 1617 5087 egit]
1643 5024 1772 5080 regit
1796 5021 1838 5068 L
2025 5018 2057 5068 9
2094 5034 2275 5082 aequos
2304 5019 2374 5067 P⁸
2548 5021 2709 5080 exigit
2743 5019 2785 5066 V
2980 5016 3042 5066 10
3081 5018 3314 5065 suberbia
3338 5016 3385 5065 Ρ
3579 5014 3636 5065 11
3678 5030 3810 5064 cras-

557 5114 696 5156 satus
719 5106 762 5154 L
942 5105 1001 5155 12
1038 5108 1158 5154 latio
1180 5103 1384 5173 oppida]
1408 5120 1525 5168 opp.
1553 5109 1670 5155 latio
1697 5108 1826 5156 Ftor.
1865 5107 2102 5168 (Bamb.),
2133 5121 2249 5170 opp.
2278 5108 2331 5155 in
2356 5108 2477 5155 latio
2505 5107 2637 5154 Flor.
2669 5106 2831 5166 (Nax.)
2997 5101 3287 5169 ocricolum]
3310 5102 3507 5165 ΗΡΥΒ,
3539 5103 3807 5152 ocriculum

558 5194 601 5241 L
790 5190 951 5259 gauii]
978 5192 1076 5239 ΗΡ
1087 5192 1186 5253 VL,
1228 5194 1341 5253 gani
1367 5193 1405 5240 S
1596 5195 1828 5255 pomedia
1853 5193 1896 5239 P
2082 5200 2207 5242 tunc
2232 5194 2275 5241 L
2467 5188 2646 5258 coque]
2671 5191 2781 5251 ΗΡ,
2822 5204 3022 5252 quoque
3045 5191 3134 5239 rel.
3343 5189 3403 5238 13
3441 5194 3672 5237 cruentos
3698 5188 3742 5235 L

557 5280 821 5327 simulanti
858 5279 1034 5326 mom
1249 5278 1307 5328 14
1345 5279 1426 5326 hic
1460 5280 1505 5328 L
1712 5276 1835 5345 quo]
1869 5285 2161 5342 partemque
2198 5280 2241 5327 L
2450 5285 2510 5326 ut
2546 5279 2645 5326 uol.
2686 5282 2883 5339 recepto
2925 5277 3165 5340 (receptos
3189 5272 3274 5342 8)]
3309 5281 3508 5337 recepta
3544 5280 3603 5323 ut
3636 5274 3735 5321 nol.
3766 5275 3811 5323 L

561 5363 623 5413 18
660 5360 919 5430 resistere]
954 5365 1082 5428 libri,
1122 5367 1354 5414 restitere
1393 5365 1570 5413 Florus
1782 5365 1844 5414 19
1882 5366 2142 5414 nominum
2181 5365 2226 5413 L
2434 5363 2493 5413 21
2536 5369 2742 5413 monstr.
2780 5363 3174 5425 putcherrlmum
3211 5363 3264 5425 S,
3304 5361 3478 5425 pulch.
3519 5365 3723 5408 monstr.
3767 5359 3811 5408 L

558 5450 622 5501 23
658 5452 1022 5512 inportunitate
1058 5451 1169 5499 libri
1412 5450 1472 5499 27
1513 5452 1701 5499 ccxliiii
1729 5453 1766 5500 S
2009 5449 2075 5499 29
2112 5452 2330 5513 populus
2368 5451 2439 5499 bis
2477 5451 2532 5498 Η
2758 5449 2821 5498 30
2858 5450 3036 5498 tullius
3071 5450 3115 5497 L
3347 5446 3406 5496 31
3447 5446 3739 5506 ediflgcatur
3773 5446 3811 5494 S

559 5536 624 5586 34
660 5537 751 5598 qui
775 5537 960 5584 defecit
986 5537 1038 5583 H
1204 5535 1272 5586 36
1306 5537 1547 5596 regalium
1573 5537 1616 5585 L
1789 5536 1853 5585 37
1891 5550 1945 5585 se
1971 5531 2241 5601 conferret]
2265 5536 2565 5585 reconferret
2589 5535 2633 5583 L
2807 5534 2872 5584 39
2909 5535 3040 5594 sing.
3070 5539 3194 5582 tant.
3226 5533 3271 5581 L
3434 5543 3689 5594 praecesse
3717 5530 3814 5577 ΗΡ

735 5710 779 5770 1)
823 5715 880 5756 ut
915 5714 1178 5758 senserant
1215 5707 1354 5756 addit
1394 5708 1533 5757 Iord.

731 5795 777 5854 2)
822 5809 909 5856 per
946 5809 1100 5844 annos
1137 5802 1196 5844 ut
1231 5795 1278 5842 d.
1320 5808 1520 5843 coxam
1556 5796 1696 5845 addit
1736 5795 1891 5856 Ioni„
1932 5796 2000 5858 cf.
2041 5810 2085 5845 c.
2125 5798 2211 5845 87.
