4882 6775
1138 483 1256 545 132
2584 475 2944 535 IORDANIS

948 669 1090 733 LVI
1134 671 1411 755 primum
1456 679 1607 737 tunc
1654 676 1877 756 pervia
1921 671 2185 736 faciunt.
2283 691 2429 735 nam
2477 671 2813 736 Eracleam
2870 676 2934 734 et
2979 669 3300 733 Larissam
3350 668 3646 735 civitates
3692 669 4070 734 Thessaliae
4116 669 4392 753 primum

1136 776 1416 859 praedas
1462 782 1738 859 ereptae,
1793 774 2029 839 dehinc
2073 775 2249 857 ipsas
2295 775 2432 838 iure
2479 774 2714 838 bellico
2760 773 3106 857 potiuntur.
3201 772 3581 837 Thiudimer
3626 792 3777 837 vero
3824 793 3938 836 rex
3982 771 4391 837 animadver-

1133 883 1277 943 tens
1323 878 1696 943 felicitatem
1745 898 1930 942 suam
1976 897 2168 958 quam
2216 877 2407 942 etiam
2454 878 2572 942 filii
2617 898 2736 943 nec
2781 877 2884 941 his
2929 883 3174 941 tantum
3208 881 3562 956 contentus,
3616 874 3956 958 egrediens
3986 875 4390 940 Naisitanam

1134 981 1356 1046 urbem
1417 982 1641 1065 paucis
1701 981 1787 1046 ad
1848 981 2206 1046 custodiam
2270 980 2595 1045 derelictis
2653 981 2795 1065 ipse
2841 978 3373 1044 Thessalonicam
3432 978 3649 1061 petiit,
3711 978 3776 1041 in
3838 999 3965 1060 qua
4008 978 4393 1042 Helarianus

966 1084 1087 1146 287
1136 1083 1443 1166 patricius
1504 1105 1544 1148 a
1588 1083 1873 1168 principe
1932 1083 2212 1148 directus
2274 1104 2414 1147 cum
2466 1084 2749 1148 exercitu
2809 1083 3200 1147 morabatur.
3296 1081 3407 1162 qui
3454 1080 3604 1145 dum
3652 1080 3901 1146 videret
3943 1081 4116 1145 vallo
4161 1081 4391 1146 muniri

1133 1186 1660 1251 Thessalonicam
1707 1206 1827 1251 nec
1886 1206 1956 1250 se
2003 1206 2219 1250 eorum
2267 1187 2602 1251 conatibus
2651 1205 2838 1269 posse
2885 1185 3220 1263 resistere,
3275 1184 3473 1247 missa
3518 1184 3838 1267 legatione
3885 1183 3971 1248 ad
4016 1184 4394 1250 Thiudimer

1132 1309 1350 1372 regem
1410 1290 1908 1372 muneribusque
1969 1290 2201 1354 oblatis
2262 1289 2344 1353 ab
2400 1289 2734 1354 excidione
2793 1309 2939 1352 eum
3000 1287 3175 1352 urbis
3238 1293 3562 1368 retorquet
3615 1287 3901 1369 initoque
3961 1286 4221 1353 foedere
4268 1289 4394 1353 Ro-

1132 1412 1360 1456 manus
1406 1392 1629 1457 ductor
1673 1413 1815 1457 cum
1863 1391 2090 1456 Gothis
2134 1393 2276 1456 loca
2320 1392 2415 1456 eis
2459 1392 2590 1456 iam
2639 1398 2883 1475 sponte,
2937 1411 3101 1474 quae
3148 1390 3518 1469 incolerent,
3571 1389 3859 1467 tradidit,
3910 1391 3979 1456 id
4024 1399 4125 1456 est
4166 1392 4385 1473 Cerru,

964 1496 1088 1559 288
1134 1495 1383 1573 Pellas,
1439 1496 1715 1579 Europa,
1771 1495 2110 1575 Mediana,
2162 1494 2420 1573 Petina,
2493 1495 2701 1559 Bereu
2757 1500 2820 1559 et
2862 1494 2994 1557 alia
3039 1513 3204 1576 quae
3251 1492 3428 1557 Sium
3476 1500 3758 1558 vocatur.
3854 1493 3962 1558 ubi
4008 1494 4203 1559 Gothi
4247 1515 4391 1559 cum

1131 1617 1284 1679 rege
1331 1618 1458 1662 suo.
1491 1598 1686 1662 armis
1733 1597 2042 1681 depositis
2087 1598 2437 1681 composita
2498 1618 2658 1681 pace
2706 1598 3062 1680 quiescunt.
3158 1616 3278 1661 nec
3337 1596 3446 1661 diu
3494 1604 3639 1679 post
3695 1597 3858 1661 haec
3917 1605 3980 1661 et
4025 1617 4138 1662 rex
4185 1598 4390 1662 Thiu-

1130 1700 1339 1765 dimer
1380 1702 1447 1765 in
1493 1702 1750 1766 civitate
1784 1702 2014 1766 Cerras
2062 1702 2259 1766 fatale
2308 1701 2670 1783 egritudine
2716 1709 3065 1783 occupatus
3111 1700 3353 1764 vocatis
3401 1700 3631 1764 Gothis
3676 1699 4144 1764 Theodoricum
4190 1700 4390 1765 filium

1128 1804 1312 1887 regni
1357 1805 1457 1868 sui
1504 1805 1805 1886 designat
1848 1804 2151 1869 heredem
2197 1812 2261 1869 et
2305 1805 2447 1888 ipse'
2493 1824 2642 1868 mox
2692 1804 2883 1868 rebus
2930 1802 3228 1867 humanis
3275 1802 3574 1868 excessit.

734 1904 911 1970 LVII
959 1908 1083 1971 289
1302 1908 1702 1973 Theodorico
1761 1928 1911 1972 vero
1970 1908 2182 1989 gentis
2244 1927 2399 1971 suae
2448 1927 2664 1989 regem
2726 1906 2998 1971 audiens
3059 1905 3351 1969 ordinato
3412 1905 3760 1989 imperator
3805 1905 3977 1969 Zeno
4037 1914 4219 1988 grate
4281 1927 4392 1971 su-

1132 2010 1339 2093 scepit
1397 2011 1584 2092 eique
1646 2011 2015 2075 evocatun'a
2076 2010 2395 2074 destinata
2444 2010 2529 2074 ad
2576 2030 2646 2074 se
2692 2010 2757 2073 in
2806 2010 2961 2074 urbe
3008 2008 3228 2073 venire
3275 2009 3594 2093 precepit,
3664 2008 3986 2091 dignoque
4033 2010 4392 2093 suscipiens

1127 2113 1367 2178 honore
1412 2114 1580 2178 inter
1624 2134 1920 2197 proceres
1982 2113 2082 2177 sui
2127 2113 2355 2197 palatii
2402 2113 2779 2178 conlocavit.
2876 2120 2942 2177 et
2998 2118 3143 2196 post
3200 2111 3461 2195 aliquod
3519 2118 3773 2195 tempus
3819 2111 3903 2176 ad
3949 2112 4389 2196 ampliandum

1126 2216 1428 2281 honorem
1491 2218 1629 2282 eius
1676 2217 1740 2281 in
1789 2237 1969 2281 arma
2014 2216 2136 2281 sibi
2181 2236 2324 2281 eum
2374 2217 2575 2281 filium
2623 2215 2958 2300 adoptavit
3016 2214 3096 2279 de
3154 2216 3413 2297 suisque
3475 2214 3814 2298 stipendiis
3873 2215 4264 2300 triumphum
4322 2217 4407 2281 in·

1127 2320 1285 2384 urbe
1332 2318 1617 2401 donavit,
1670 2320 2004 2402 factusque
2051 2320 2271 2383 consul
2319 2319 2702 2399 ordinarius,
2756 2318 2926 2401 quod
2974 2338 3291 2381 summum
3338 2318 3573 2382 bonum
3621 2319 4023 2402 primumque
4055 2319 4121 2382 in
4152 2320 4390 2385 mundo

1129 2421 1327 2487 decus
1389 2421 1660 2487 edicitur
1681 2423 1762 2504 ¹);
1831 2442 1950 2486 nec
2007 2428 2255 2487 tantum
2319 2421 2472 2497 hoc,
2544 2421 2660 2486 sed
2720 2422 2910 2486 etiam
2973 2428 3037 2485 et
3083 2429 3441 2504 equestrem
3489 2428 3766 2486 statuam
3813 2421 3899 2486 ad
3943 2421 4181 2486 famam
4228 2424 4391 2487 tanti

959 2527 1084 2590 290
1131 2525 1253 2589 viri
1285 2532 1435 2589 ante
1466 2525 1710 2607 regiam
1741 2525 1969 2609 palatii
2001 2525 2377 2589 conlocavit.
2471 2524 2640 2589 inter
2670 2524 2831 2589 haec
2862 2544 3014 2607 ergo
3046 2523 3484 2588 Theodoricus
3517 2524 3796 2588 Zenonis
3829 2523 4094 2608 imperio
4125 2524 4390 2590 foedere

1126 2628 1442 2709 sociatus,
1512 2627 1663 2692 dum
1709 2627 1851 2711 ipse
1910 2628 1977 2692 in
2023 2628 2179 2692 urbe
2225 2628 2521 2692 omnibus
2580 2628 2762 2693 bonis
2822 2627 3142 2692 frueretur
3185 2634 3568 2710 gentemque
3617 2646 3800 2690 suam
3845 2627 3911 2690 in
3957 2627 4253 2710 Illyrico,
4322 2636 4392 2694 ut

1299 3008 1350 3055 Η
1373 3007 1417 3054 Ρ
1447 3009 1484 3055 V
1509 3010 1553 3056 A
1585 3006 1626 3053 O
1651 3008 1696 3054 B
1720 3009 1767 3055 X
1795 3008 1865 3068 (Y
1887 3009 1968 3068 Z).
2033 3008 2158 3057 Rav.
2203 3011 2252 3067 4,
2298 3010 2328 3055 9
2359 3024 2414 3068 p.
2449 3010 2546 3055 197
2584 3008 2651 3054 ad
2685 3025 2735 3056 υ.
2766 3009 2828 3058 9:
2872 3021 2969 3055 non
3009 3009 3151 3067 longe
3189 3023 3216 3055 a
3256 3044 3268 3056 .
3303 3044 3314 3057 .
3348 3044 3359 3055 .
3406 3008 3754 3055 Thessalonica
3791 3014 3912 3055 sunt
3949 3010 4181 3057 civitates
4219 3011 4272 3057 id
4311 3017 4390 3057 est

1122 3094 1272 3142 Ceras
1310 3095 1508 3157 Europa
1543 3094 1776 3141 Mediana
1813 3093 1989 3142 Potina
2031 3095 2118 3156 (al.
2159 3096 2343 3156 penna)
2388 3094 2594 3141 Bireum
2633 3094 2923 3152 Quaesium.
2988 3093 3178 3141 Paulus
3214 3095 3249 3142 l.
3289 3109 3330 3142 c.
3390 3093 3651 3154 Freculfus
3689 3093 3740 3153 2,
3778 3095 3826 3155 5,
3877 3096 3937 3141 18
3983 3095 4028 3155 (a
4070 3093 4128 3142 17
4169 3096 4383 3156 consul).

1297 3247 1318 3296 1
1361 3256 1483 3297 tnnc
1519 3263 1596 3311 pr.
1646 3247 1736 3295 OB
1941 3250 2168 3311 peruiam
2210 3248 2252 3295 O
2464 3244 2729 3314 eracleam]
2766 3247 2880 3306 AO,
2932 3249 3164 3297 eracliam
3204 3248 3266 3310 B,
3308 3249 3545 3296 aracleam
3583 3248 3700 3305 HV,
3742 3249 3969 3296 aradeam
4008 3247 4064 3307 P,
4111 3250 4388 3299 heracleam

1120 3335 1261 3384 ΧῩΖ
1489 3336 1748 3383 ciuitatem
1785 3335 2023 3382 tessaliae
2068 3333 2111 3380 O
2344 3333 2374 3382 2
2412 3334 2624 3397 praedas
2663 3330 2882 3400 ereptas]
2921 3321 3154 3398 11⁶P2’V‚
3193 3335 3614 3397 praedaureptas
3653 3335 3703 3380 H
3714 3332 3760 3396 ⁶,
3801 3350 4005 3382 *uu*
4043 3343 4242 3400 ereptas
4281 3336 4381 3397 1²⁴,

1118 3424 1270 3487 preda
1307 3429 1452 3484 cepta
1493 3422 1553 3484 O,
1596 3422 1778 3483 praeda
1814 3428 1955 3483 capta
1991 3422 2051 3482 B,
2094 3422 2292 3484 praedis
2330 3407 2517 3483 ereptis
2554 3421 2741 3469 AXYZ
2968 3421 3153 3469 dehinc
3188 3422 3317 3484 ipsis
3355 3421 3466 3483 ΧΥ,
3506 3435 3602 3470 om.
3641 3421 3729 3468 OB
3935 3425 4206 3483 patiuntur
4241 3424 4316 3471 Λα

1120 3511 1396 3559 theodemir
1439 3509 1545 3568 OB,
1587 3508 1866 3556 theodimer
1904 3508 1968 3570 X,
2008 3509 2290 3556 theudimer
2333 3508 2390 3566 Z,
2432 3508 2708 3556 theudimir
2753 3507 2806 3569 Y,
2847 3508 3102 3555 teudemir
3139 3508 3184 3554 A
3394 3507 3424 3555 3
3462 3503 3579 3573 seh]
3615 3512 3715 3555 tam
3753 3508 3840 3554 fel.
3873 3507 3918 3554 A
4128 3507 4250 3576 mii]
4287 3511 4388 3559 sibi

1120 3597 1257 3644 XYZ
1467 3591 1570 3661 bis]
1594 3595 1685 3642 hac
1715 3593 1805 3641 OB
2013 3591 2235 3660 tantum]
2260 3600 2429 3642 tamen
2458 3595 2501 3642 Β
2710 3599 3028 3656 contemptus
3057 3596 3099 3640 A
3303 3598 3412 3654 post
3440 3595 3703 3653 egrediens
3728 3594 3882 3641 litura
3907 3608 3989 3642 sca:
4013 3594 4117 3655 fere
4141 3597 4238 3644 litt.
4270 3598 4320 3643 H

1119 3685 1400 3731 naissitana
1436 3684 1558 3729 urbe
1596 3681 1641 3728 A
1865 3678 1898 3727 4
1932 3683 2074 3742 pacis
2119 3681 2161 3728 O
2369 3683 2472 3742 ipsi
2515 3681 2557 3728 O
2765 3677 2939 3747 petiit]
2975 3683 3107 3743 petit
3144 3683 3207 3740 A,
3248 3682 3453 3741 impetit
3491 3680 3553 3741 B,
3595 3680 3796 3742 inpedit
3834 3679 3876 3727 O
4086 3695 4236 3742 quam
4276 3683 4320 3728 X

1118 3765 1428 3835 helarianus]
1452 3767 1655 3829 HPVX,
1698 3768 1947 3814 clarianus
1973 3768 2035 3827 A,
2077 3768 2362 3815 hilarianus
2388 3768 2448 3827 Z,
2489 3767 2778 3826 hylarianae
2811 3768 2862 3826 Υ,
2905 3768 3084 3814 elarius
3116 3766 3205 3813 OB
3412 3767 3441 3815 5
3481 3762 3626 3832 dum]
3661 3780 3775 3813 cum
3801 3766 3845 3811 A
4054 3766 4085 3814 6
4123 3768 4389 3816 thessalio·

1118 3858 1282 3904 nicam
1319 3855 1366 3902 P
1566 3853 1811 3913 ligacione
1847 3869 1874 3901 a
1911 3853 1985 3902 th.
2026 3867 2141 3913 rege
2184 3853 2226 3901 O
2438 3853 2719 3902 theodimer
2755 3853 2815 3915 X,
2857 3854 3148 3902 theodemer
3185 3852 3249 3914 B,
3288 3852 3566 3901 theudimir
3602 3852 3650 3908 Y,
3695 3853 3942 3900 teudemir
3965 3853 4009 3898 A
4221 3853 4250 3901 7
4288 3868 4387 3915 que

1117 3957 1215 3991 om.
1246 3940 1386 3989 AOB
1594 3935 1884 4005 excidione]
1918 3941 2179 3989 obsidione
2216 3940 2277 4000 B,
2320 3939 2519 3987 excidio
2559 3940 2603 3985 A
2811 3941 2944 3988 orbis
2988 3939 3030 3986 O
3275 3937 3304 3987 8
3343 3935 3494 4005 quae]
3530 3937 3781 3998 AOBXY,
3822 3952 3922 3999 qna
3955 3938 4102 3986 HPV
4305 3942 4389 3987 in·

1117 4029 1330 4077 colel-int
1358 4027 1400 4074 O
1607 4026 1827 4073 tradedit
1855 4025 1946 4072 ΡΟ
2153 4039 2297 4074 cerrn
2339 4021 2519 4091 pellas]
2557 4025 2812 4086 HPVXY,
2853 4039 2964 4073 cero
3000 4026 3158 4088 pellas
3189 4024 3296 4084 OB,
3336 4039 3472 4073 cetra
3509 4026 3668 4087 pallas
3694 4026 3771 4071 A:
3813 4024 3960 4073 Ceras
3987 4025 4111 4073 Rav.
4135 4042 4150 4070 :
4191 4027 4386 4074 intelte-

1114 4119 1304 4175 9untur
1344 4113 1558 4174 Cyrrhae
1594 4117 1639 4160 et
1678 4113 1819 4160 Pella
1855 4112 2037 4173 oppida
2065 4110 2384 4160 Macedoniae
2418 4115 2608 4172 primae
2643 4112 2735 4160 sibi
2770 4114 2933 4159 vicina
3144 4110 3175 4160 9
3212 4107 3417 4176 europa]
3452 4110 3602 4158 HPV
3634 4127 3745 4158 cum
3771 4112 3922 4173 Rav.‚
3963 4125 4146 4174 compa
4189 4111 4247 4172 O,
4292 4126 4385 4160 eu-

1115 4215 1282 4263 ropam
1319 4201 1413 4247 ΒΧ
1424 4200 1475 4257 Υ,
1518 4213 1663 4261 eropa
1703 4199 1747 4245 A
1766 4215 1782 4245 .·
1829 4199 2129 4258 intelleyitm·
2165 4198 2393 4258 Europus
2430 4198 2645 4246 eiusdem
2677 4201 2964 4258 provinciae
3243 4198 3526 4245 medianam
3564 4198 3780 4245 ABXY:
3820 4197 4127 4260 siqniftcatur
4165 4198 4388 4246 Methone

1115 4287 1333 4337 eiusdem
1364 4287 1645 4347 provinciae
1866 4286 2089 4347 petinam
2126 4285 2332 4331 bereum
2368 4283 2429 4342 B,
2473 4286 2638 4332 retina
2672 4286 2872 4332 bereum
2915 4284 3109 4345 (-chum
3161 4283 3255 4345 YZ)
3300 4283 3471 4347 XYZg:
3512 4285 3870 4343 intelleyuntur
3908 4282 4083 4345 Pydna
4118 4290 4165 4332 et
4203 4285 4387 4331 Beroea

1113 4373 1295 4435 oppida
1331 4376 1444 4420 item
1478 4370 1695 4419 eiusdem
1729 4372 2032 4430 provinciae,
2077 4383 2198 4431 quac
2233 4375 2360 4417 recto
2397 4384 2586 4431 quoquc
2621 4370 2791 4419 ordine
2828 4370 3063 4430 disposita
3099 4375 3219 4418 sunt
3440 4365 3596 4435 sium]
3632 4371 3770 4417 suith
3807 4371 3882 4417 A.-
3921 4373 3990 4416 εει
4027 4372 4203 4430 opinor
4238 4364 4382 4430 Δῖος,

1116 4465 1171 4508 ut
1209 4458 1435 4508 Scandza
1469 4458 1699 4506 scribitur
1729 4471 1820 4518 pro
1857 4455 2075 4505 Scandia
2283 4462 2527 4504 uocantur
2551 4457 2597 4503 B
2809 4455 2869 4504 10
2909 4457 3187 4504 theodimer
3229 4455 3335 4516 ΟΧ,
3377 4455 3668 4504 theodemar
3702 4456 3764 4518 B,
3808 4456 4094 4504 theudimer
4131 4458 4190 4518 Z,
4233 4458 4385 4505 theu·

1116 4546 1264 4595 dimit
1302 4544 1352 4604 Y,
1394 4543 1646 4592 teudemir
1672 4542 1716 4588 A
1931 4541 1988 4590 11
2031 4556 2197 4589 cerrus
2225 4541 2364 4589 XYZ
2574 4538 2748 4608 fatale]
2783 4542 2990 4604 HPVO,
3034 4542 3179 4589 fatali
3206 4541 3349 4589 ABX
3362 4542 3400 4588 Y
3602 4543 3857 4604 occupatis
3884 4540 3958 4588 A‘
4169 4540 4384 4610 uocatis]

1113 4635 1167 4681 in
1192 4634 1407 4680 transitu
1430 4646 1462 4678 a
1483 4631 1669 4690 payina
1694 4627 1761 4676 ad
1781 4630 2019 4689 papinum
2046 4643 2140 4677 om.
2171 4628 2213 4676 O
2414 4627 2477 4677 12
2515 4629 2779 4689 designant
2811 4628 2854 4675 O
3056 4627 3117 4676 13
3155 4623 3462 4693 theodorico]
3488 4627 3598 4688 ΗΡ,
3640 4628 3925 4676 theoderico
3959 4629 4012 4689 V,
4042 4629 4382 4677 theodericum

1114 4718 1353 4766 AOBXY
1556 4715 1698 4775 genti
1727 4714 1815 4761 OB
2023 4714 2244 4762 ordinato
2279 4715 2557 4775 imperator
2593 4711 2739 4780 zeno]
2779 4714 2939 4776 HPV,
2979 4713 3265 4762 ordinatum
3295 4715 3419 4776 imp.
3452 4727 3611 4761 zenon
3637 4714 3699 4774 B,
3742 4715 4020 4762 ordinatum
4047 4717 4170 4776 imp.
4203 4730 4382 4764 zenum

1117 4806 1177 4868 Ο,
1219 4807 1345 4866 imp.
1389 4816 1547 4851 zenon
1588 4803 1728 4860 (zeno
1755 4802 1819 4863 A)
1863 4800 2144 4849 ordinatum
2170 4802 2279 4863 AX,
2323 4802 2445 4864 imp.
2492 4815 2650 4849 zenon
2693 4804 2808 4862 (om.
2840 4802 3082 4860 ordinato)
3131 4800 3213 4847 ΥΖ
3422 4806 3591 4859 gratus
3622 4800 3679 4861 O,
3725 4807 3919 4860 gratum
3945 4801 4008 4860 B,
4051 4816 4186 4849 *aa*
4231 4803 4383 4863 (grate

1114 4888 1211 4952 X2)
1243 4890 1311 4938 X¹
1524 4888 1584 4936 14
1622 4890 1771 4949 eique
1808 4883 2117 4952 euocaturia]
2154 4887 2310 4948 HPV,
2353 4889 2776 4949 eiquetuocatoria
2818 4887 2876 4948 Ο,
2919 4889 3069 4949 eique
3112 4888 3226 4948 (om.
3253 4885 3343 4947 13⁰)
3387 4889 3665 4934 euocatoria
3701 4886 3857 4947 ΒΧΥ,
3898 4901 4115 4948 eumque
4153 4894 4383 4936 euocato-

1112 4979 1186 5025 ria
1224 4978 1269 5024 A
1350 5024 1385 5046 ὁ
1534 4969 1614 5040 se]
1650 4987 1703 5022 se
1740 4987 1858 5020 eum
1898 4973 1943 5020 A
2209 4975 2309 5020 ube
2347 4975 2408 5035 A,
2453 4974 2627 5022 urbem
2663 4972 2891 5020 VOBXY
3157 4972 3217 5021 15
3256 4973 3599 5034 ampliendum
3642 4970 3683 5018 O
3954 4971 4015 5022 16
4055 4976 4206 5021 armis
4245 4974 4289 5019 Χ
4303 4973 4383 5020 YZ

1117 5062 1177 5111 17
1217 5064 1390 5110 urbem
1420 5061 1462 5109 O
1669 5054 1958 5124 factusque]
1994 5060 2257 5120 factusque
2294 5065 2374 5107 est
2417 5056 2529 5105 0²13
2735 5054 2889 5124 quod]
2926 5073 3076 5120 quam
3114 5058 3222 5118 ΧΥ,
3262 5073 3411 5120 quem
3456 5059 3497 5104 Z
3704 5055 4048 5125 primumque]
4085 5062 4243 5120 primo
4269 5059 4375 5117 ΧΥ,

1112 5161 1212 5210 que
1253 5148 1313 5207 O,
1354 5161 1450 5195 om.
1484 5146 1611 5208 (⁸Mc
1635 5151 1739 5194 erat
1764 5144 1987 5206 lacuna’)
2020 5146 2062 5191 Z
2270 5145 2425 5192 decus
2464 5146 2517 5192 in
2556 5145 2739 5192 mundo
2774 5146 2959 5192 dicitur
2998 5145 3043 5191 A
3278 5144 3337 5193 18
3377 5147 3528 5192 etiam
3566 5153 3617 5193 et
3662 5146 3730 5206 (et
3764 5159 3861 5193 om.
3891 5145 4050 5206 AOB)
4093 5152 4380 5207 equestrem

1120 5236 1233 5294 (-tre
1274 5230 1363 5299 O)]
1399 5234 1537 5293 libri,
1579 5238 1631 5280 et
1668 5238 1951 5293 equestrem
1992 5230 2281 5291 Freculfus,
2341 5245 2535 5278 aeream
2573 5232 2620 5278 ei
2658 5236 2943 5292 equestrem
2980 5235 3069 5279 aut
3109 5232 3225 5291 leqit
3262 5231 3452 5278 Paulus
3490 5234 3585 5292 15,
3629 5233 3692 5280 13
3731 5238 3819 5279 aut
3852 5237 4052 5292 propter
4086 5234 4382 5280 vocabulum

1110 5322 1265 5368 etiam
1302 5322 1461 5379 inepte
1495 5321 1754 5379 repetitum
1791 5316 2053 5377 leyendum
2076 5329 2178 5363 esse
2205 5319 2444 5364 coniecit:
2480 5320 2537 5364 in
2573 5323 2790 5379 tantum,
2833 5323 2891 5364 ut
2930 5353 2941 5364 .
2979 5353 2991 5365 .
3022 5353 3033 5366 .
3077 5331 3192 5364 eum
3231 5318 3452 5365 fascibus
3491 5318 3786 5366 sublimaret
3824 5353 3837 5366 .
3869 5355 3880 5366 .
3915 5354 3926 5365 .
3968 5333 4266 5380 aereamque
4303 5319 4378 5366 illi

1109 5411 1394 5468 equestrem
1431 5410 1648 5453 statuam
1684 5409 1804 5451 ante
1838 5417 1990 5450 snum
2029 5402 2268 5463 palatium
2308 5404 2598 5452 collocaret:
2638 5402 2723 5450 sed
2758 5403 2892 5464 apud
2929 5403 3190 5450 Iordanem
3227 5405 3350 5451 talia
3384 5417 3487 5451 non
3509 5403 3770 5465 offendunt
3983 5403 4046 5452 19
4086 5401 4228 5471 ante]
4264 5418 4380 5452 con·

1112 5498 1190 5540 tra
1227 5490 1322 5538 ΧΖ
1530 5485 1870 5554 theodoricus]
1909 5489 1977 5551 H,
2018 5488 2338 5536 theodericus
2376 5488 2421 5535 P
2454 5493 2499 5535 et
2533 5490 2620 5538 rel.
2835 5488 2899 5537 20
2938 5491 3054 5538 bon.
3095 5502 3229 5538 omn.
3276 5488 3366 5536 OB
3573 5504 3664 5537 sna
3706 5490 3748 5537 O
3957 5490 4175 5539 hillirico
4217 5491 4259 5538 O

1288 5778 1334 5841 1)
1381 5779 1588 5830 Roman.
1630 5782 1730 5830 348
1766 5779 1938 5828 eadem
1972 5784 2243 5828 narrantur
2272 5782 2481 5840 propius
2516 5781 2793 5829 accedentia
2829 5781 2894 5829 ad
2936 5780 3296 5830 Marcellinum.

4436 1618 4485 1658 10

4435 2134 4486 2174 15

4429 2648 4484 2690 20
