4882 6775
1964 459 2267 515 serica.
3528 426 3539 441 ’
3664 466 3743 525 57

490 648 763 733 scriptor
804 656 1020 714 tantas
1064 648 1245 713 illam
1292 649 1553 715 exalare
1599 649 1904 729 nebulas,
1973 649 2341 716 madefacta
2384 650 2579 715 humo
2624 650 2865 716 Oceani
2912 651 3155 716 crebris
3200 652 3611 734 excursibus,
3678 660 3748 717 ut
3792 651 3855 713 ΙΙ

491 752 817 816 subtectus
863 753 958 816 sol
1006 774 1121 837 per
1165 752 1348 817 illum
1393 773 1557 837 pene
1595 759 1793 818 totum
1842 752 2174 834 fediorem,
2227 754 2336 838 qui
2382 774 2649 819 serenus
2681 761 2800 835 est,
2855 754 3026 819 diem
3058 762 3330 839 negetur
3358 756 3646 840 aspectui
3671 759 3741 838 ¹).

488 861 737 919 noctem
783 874 1035 939 quoque
1081 856 1414 920 clariorem
1440 855 1525 920 .in
1571 864 1859 920 extrema
1905 856 2043 920 eius
2089 863 2270 941 parte
2316 857 2771 940 minimamque
2802 855 3138 923 Cornelius
3185 858 3375 922 etiam
3415 858 3744 922 annalium
3795 862 3873 921 13

490 958 758 1042 scriptor
803 966 1060 1023 enarrat
1076 961 1163 1041 ²),
1230 959 1511 1024 metallis
1571 959 1862 1043 plurimis
1920 959 2285 1044 cupiosam,
2353 960 2572 1025 herbis
2634 960 3029 1042 frequentem
3090 968 3154 1026 et
3213 961 3313 1026 his
3374 960 3749 1026 feraciorem

429 1085 454 1121 ε»
493 1061 822 1143 omnibus,
891 1082 1014 1145 que
1072 1082 1305 1145 pecora
1365 1062 1574 1145 magis
1635 1083 1825 1143 quam
1886 1063 2173 1127 homines
2232 1064 2446 1129 alant:
2512 1064 2645 1129 labi
2705 1084 2856 1128 vero
2917 1084 3033 1148 per
3091 1084 3232 1128 eam
3293 1065 3498 1130 multa
3556 1085 3746 1147 quam

398 1602 454 1640 10

491 1165 809 1230 maximae
854 1166 1180 1248 relabique
1226 1164 1490 1229 flumina
1535 1184 1826 1248 gemmas
1872 1166 2382 1250 margaritasque
2427 1167 2758 1231 volventia
2774 1172 2847 1247 3).
2945 1166 3219 1231 Silorum
3281 1167 3546 1232 colorati
3606 1167 3751 1231 vul-

491 1276 650 1344 tus,
679 1268 825 1333 torti
867 1269 1170 1354 pleroque
1202 1268 1376 1332 crine
1408 1275 1473 1332 et
1499 1269 1682 1350 nigro
1714 1276 2088 1347 nascuntur;
2134 1268 2560 1352 Calydoniam
2594 1290 2745 1333 vero
2775 1269 3201 1334 incolentibus
3233 1270 3464 1334 rutilae
3497 1289 3744 1350 cumae,

492 1392 755 1456 corpora
798 1392 1055 1454 magna,
1109 1372 1224 1436 sed
1268 1370 1543 1436 fluuida:
1618 1372 1827 1436 Gallis
1875 1372 2011 1437 sive
2057 1372 2316 1456 spanis,
2370 1380 2439 1437 ut
2483 1373 2845 1455 quibusque
2890 1372 3340 1453 obtenduntur,
3391 1373 3747 1438 adsimiles.

496 1475 662 1540 unde
724 1475 1167 1540 coniectavere
1225 1475 1549 1555 nonnulli,
1625 1474 1793 1557 quod
1861 1494 1940 1539 ea
2006 1495 2087 1539 ex
2155 1475 2257 1539 his
2322 1476 2580 1541 accolas
2649 1475 2946 1558 contiguo
3013 1483 3269 1541 vocatos
3324 1476 3647 1561 acceperit
3666 1481 3739 1556 ⁴).
3800 1481 3868 1539 Η

494 1578 717 1643 inculti
775 1598 980 1661 aeque
1042 1597 1262 1642 omnes
1320 1577 1543 1662 populi
1603 1596 1916 1660 regesque
1979 1578 2357 1662 populorum
2378 1583 2463 1657 ἧς
2545 1585 2802 1643 cunctos
2860 1585 3076 1643 tamen
3130 1578 3194 1643 in
3254 1579 3751 1661 Calydoniorum

495 1682 976 1763 Meatalumque
1044 1681 1441 1746 concessisse
1508 1680 1765 1744 nomina
1831 1680 1957 1745 Dio
2022 1689 2243 1745 auctor
2301 1688 2399 1745 est
2458 1681 2913 1746 celeberrimus
2988 1681 3255 1767 scriptor
3320 1682 3650 1746 annalium
3671 1688 3744 1763 ⁶).

497 1785 753 1867 virgeas
797 1784 1089 1849 habitant
1133 1803 1342 1863 casas,
1395 1784 1756 1848 eommunia
1798 1790 1967 1848 tecta
2011 1804 2155 1848 cum
2201 1804 2452 1867 pecore,
2505 1784 2797 1867 silveque
2840 1784 2974 1848 illis
3021 1803 3217 1868 saepe
3250 1793 3398 1850 sunt
3426 1784 3747 1867 domus7).

496 1890 576 1954 ob
632 1889 927 1953 decorem
988 1887 1208 1952 nescio
1267 1907 1351 1950 an
1410 1887 1604 1951 aliam
1666 1906 1857 1968 quam
1919 1886 1999 1951 ob
2061 1906 2193 1950 rem
2256 1885 2420 1951 ferro
2482 1885 2755 1970 pingunt
2799 1906 3084 1970 corpora.
3182 1888 3421 1953 bellum
3466 1888 3636 1953 inter
3679 1908 3748 1952 se
3801 1894 3875 1951 15

496 2000 608 2056 aut
667 1990 918 2076 imperii
978 1989 1311 2074 cupidine,
1345 1978 1490 2053 ‘aut
1549 1989 1986 2072 amplificandi
2046 2010 2211 2073 quae
2257 1989 2624 2073 possident,
2694 1990 2955 2073 saepius
3000 1997 3266 2073 gerunt,
3332 2011 3460 2055 non
3504 1998 3750 2056 tantum

431 2121 456 2157 r,
496 2093 782 2176 equitatu
829 2094 934 2159 vel
979 2092 1227 2178 pedite,
1298 2113 1517 2157 verum
1563 2093 1757 2157 etiam
1803 2093 1972 2176 bigis
2018 2092 2436 2173 curribusque
2484 2091 2777 2172 falcatis,
2836 2111 2994 2173 quos
3041 2114 3214 2158 more
3261 2095 3527 2177 vulgare
3573 2115 3754 2159 esse—

496 2196 614 2261 das
664 2202 891 2260 vocant
913 2202 987 2279 5).
1082 2195 1244 2260 baec
1287 2215 1498 2279 pauca
1543 2192 1624 2260 de
1670 2196 2023 2261 Brittaniae
2068 2195 2318 2260 insulae
2365 2194 2570 2260 forma
2615 2195 2858 2259 dixisse
2906 2195 3204 2261 sufficiat.

665 2300 766 2365 Ad
832 2299 1192 2364 Scandziae
1258 2299 1513 2363 insulae
1582 2299 1809 2379 situm,
1883 2298 2053 2382 quod
2120 2299 2415 2384 superius
2435 2302 2481 2379 ¹³)
2551 2298 2960 2382 reliquimus,
3027 2299 3388 2364 redeamus
3486 2299 3567 2364 de
3629 2301 3750 2364 hae
3795 2303 3891 2365 ΙΙΙ
3950 2306 4021 2364 16

668 2484 789 2574 ΒΡ
823 2527 926 2574 VL
953 2527 993 2572 A
1020 2526 1065 2572 Β
1095 2528 1138 2572 X
1166 2526 1232 2587 (Υ
1260 2526 1316 2587 Ζ)
1361 2525 1622 2585 Freculfus
1666 2529 1710 2583 1,
1752 2530 1800 2586 2,
1845 2526 1910 2572 25
1947 2521 2062 2591 [16]
2106 2526 2153 2586 (a
2193 2524 2253 2572 17
2292 2526 2354 2572 de
2388 2526 2523 2587 hac).

675 2648 692 2695 1
736 2647 1059 2695 madefactam
1086 2647 1141 2693 H
1343 2647 1496 2694 humo
1532 2660 1629 2696 om.
1659 2646 1703 2696 Β
1909 2645 1940 2694 2
1980 2642 2265 2711 subtectus]
2300 2648 2560 2694 subiectus
2583 2647 2643 2707 B,
2688 2647 2957 2695 subtextus
2998 2646 3131 2693 ΧΥΖ
3338 2646 3472 2693 illam
3510 2661 3563 2708 p.
3602 2652 3757 2694 totam

502 2735 588 2781 ΧΥ
835 2735 1076 2782 fediorem
1111 2746 1210 2781 om.
1250 2733 1294 2778 Χ
1308 2733 1343 2778 Υ
1586 2733 1835 2794 asspectui
1874 2732 1936 2791 Β,
1978 2738 2211 2793 aspectus
2250 2732 2342 2778 ΧΥ
2585 2732 2614 2779 3
2653 2728 2875 2797 quoque]
2911 2734 3061 2780 etiam
3097 2732 3142 2777 A
3375 2729 3758 2798 minimamque]

497 2835 705 2867 memma
730 2834 878 2881 quam
908 2819 951 2865 B
1147 2815 1324 2884 etiam]
1350 2832 1548 2880 quoque
1576 2818 1616 2863 A
1832 2818 1862 2865 4
1901 2823 2067 2864 narrat
2094 2817 2201 2877 ΑΒ,
2232 2818 2419 2864 enallat
2443 2818 2487 2865 L
2632 2864 2638 2869 ,
2684 2813 2961 2883 cupiosam]
2986 2817 3098 2877 ΗΡ,
3128 2831 3234 2878 cop.
3264 2818 3351 2866 rel.
3567 2819 3596 2866 5
3634 2814 3755 2883 que]

496 2908 613 2967 quia
650 2907 692 2952 Β
900 2907 1000 2953 alat
1035 2905 1080 2951 Β
1286 2918 1376 2965 per
1411 2900 1545 2970 eam]
1580 2908 1632 2952 et
1667 2902 1711 2950 Β
1919 2904 2128 2950 multam
2164 2903 2316 2950 HPV
2522 2903 2553 2952 6
2590 2901 2859 2970 maximae]
2896 2904 3059 2964 HPV,
3101 2905 3319 2951 maxime
3344 2903 3435 2951 LX
3447 2904 3499 2963 Υ,
3541 2905 3759 2952 maxima

496 2993 586 3041 ΑΒ
793 2994 1157 3053 magaritasque
1187 2992 1232 3039 Β
1441 2990 1468 3038 ’ἰ
1509 2991 1627 3038 torti
1652 2985 1914 3054 pleroque]
1953 2989 2055 3036 ΗΡ
2069 2988 2211 3051 VXY,
2253 2995 2380 3038 torto
2415 2991 2656 3052 pleroque
2682 2989 2742 3050 L,
2785 2996 2911 3038 torto
2945 2992 3178 3052 plerique
3205 2989 3296 3035 ΑΒ
3501 2996 3554 3037 et
3591 2986 3756 3055 nigro]

498 3081 737 3142 nigroque
774 3080 818 3125 A
1028 3073 1225 3142 cumae]
1260 3077 1360 3124 ΗΡ
1374 3078 1425 3137 V,
1465 3090 1632 3125 comae
1667 3077 1757 3125 rel.
1971 3074 2001 3124 8
2040 3070 2253 3141 fluuida]
2290 3076 2675 3124 HPVLABXY
2878 3072 3052 3142 gallis]
3088 3078 3177 3138 qui
3212 3076 3357 3136 gallis
3393 3076 3438 3123 Β
3644 3077 3758 3135 bys-

498 3168 642 3228 panis
682 3165 739 3225 Β,
782 3166 1009 3226 hispanis
1051 3164 1143 3211 ΧΥ
1395 3157 1476 3227 ut]
1513 3177 1542 3209 a
1576 3162 1621 3208 B
1876 3156 2185 3226 quibusque]
2222 3161 2477 3223 HVLBX,
2519 3163 2798 3224 quibusqui
2834 3162 2939 3224 ΡΑ,
2982 3165 3368 3224 quibuscunque
3408 3163 3466 3222 Z,
3508 3176 3603 3211 om.
3654 3162 3693 3208 Υ

497 3253 841 3301 obtenduntur
877 3247 1157 3316 adsimiles]
1191 3251 1381 3310 scn’psi,
1439 3247 1783 3296 adtenduntur
1820 3248 2075 3295 obsimiles
2111 3247 2417 3308 HPVAXY,
2473 3248 2677 3296 adtendi
2718 3250 2910 3297 similes
2948 3248 3010 3307 L,
3063 3249 3395 3297 attenduntur
3432 3249 3677 3295 assimiles
3716 3249 3760 3295 Β

501 3341 532 3385 9
571 3342 981 3386 coniectans-runt
1007 3339 1049 3383 A
1259 3332 1341 3402 ea]
1379 3343 1509 3383 terra
1536 3335 1672 3381 ΧΥΖ
1881 3335 2116 3382 continuo
2143 3334 2187 3380 Β
2397 3336 2653 3397 exceperit
2676 3335 2721 3381 B
2934 3334 2995 3382 lo
3033 3336 3229 3383 cunctis
3268 3335 3311 3381 B
3525 3334 3578 3383 11
3623 3349 3757 3383 mea-

502 3422 786 3491 tarnmque]
823 3411 1149 3484 HPVber,
1193 3428 1537 3484 metarumque
1577 3421 1664 3484 L‘,
1708 3423 1963 3469 metallum
2003 3422 2078 3468 B:
2119 3415 2347 3471 Μαιᾶται
2383 3422 2485 3470 Dio
2696 3422 3002 3470 consessisse
3037 3421 3080 3468 L
3291 3436 3425 3469 nom.
3467 3435 3603 3470 conr.
3646 3423 3690 3467 Α

504 3514 703 3560 nomina
739 3513 820 3559 dio
856 3517 1024 3559 auctor
1058 3506 1160 3575 est]
1196 3511 1485 3557 nominandi
1521 3514 1689 3556 auctor
1726 3514 1802 3557 est
1838 3509 1920 3555 dio
1960 3509 2002 3554 Β
2215 3506 2276 3556 12
2314 3509 2643 3556 communiam
2682 3508 2783 3554 ΗΡ
2989 3522 3171 3569 peeure
3210 3508 3249 3554 V
3453 3509 3689 3568 sillieque
3716 3511 3758 3553 Α

510 3597 568 3646 13
607 3601 667 3647 ob
694 3595 821 3664 rem]
860 3612 962 3646 rem
989 3599 1033 3644 A
1239 3595 1298 3644 15
1336 3598 1563 3658 equitum
1594 3597 1676 3643 uel
1705 3595 1931 3656 peditum
1955 3595 2000 3640 Β
2197 3596 2328 3653 uigis
2354 3595 2397 3641 L
2596 3609 2726 3642 more
2754 3595 2954 3655 uulgare
2988 3594 3072 3655 (sic
3097 3594 3260 3654 HPV,
3290 3596 3361 3642 -ri
3383 3597 3493 3654 rel.)
3524 3609 3620 3644 om.
3647 3595 3689 3640 Α

504 3686 676 3734 esseda
714 3685 757 3731 A
985 3683 1046 3732 16
1084 3685 1362 3743 bryttaniae
1408 3683 1449 3729 V
1653 3683 1910 3730 sufficiant
1948 3679 1990 3727 L
2221 3681 2278 3729 17
2317 3678 2403 3746 ad]
2441 3697 2470 3728 a
2507 3682 2553 3727 Χ
2756 3677 3039 3746 scandziae]
3074 3680 3326 3742 HPLYZ,
3368 3681 3626 3730 scandizae
3668 3679 3756 3738 Μ’,

504 3773 714 3821 seandae
740 3759 826 3830 Χὸ,
866 3773 1091 3820 scanziae
1121 3771 1225 3832 VB,
1266 3771 1478 3818 scandze
1503 3771 1547 3817 Α
1739 3770 1842 3816 situ
1869 3767 1961 3813 PV
2147 3763 2301 3833 quod]
2336 3782 2488 3829 quam
2514 3768 2558 3814 Β
2749 3768 3009 3815 redeamus
3033 3781 3129 3816 om.
3162 3769 3318 3829 spatio
3342 3781 3497 3814 vacuo
3521 3768 3690 3813 relicto
3718 3765 3759 3811 L

561 3894 1378 3901 --—-————-——
1409 3893 1490 3898 *ἡ
1681 3888 3758 3898 -ffl—fflfflfflq

684 3963 726 4023 1)
769 3963 948 4010 Strabo
986 3969 1034 4023 4,
1077 3964 1124 4023 5,
1169 3962 1201 4008 2
1233 3976 1287 4021 p.
1318 3961 1418 4007 200
1460 3959 1606 4007 Cas..-
1661 3955 1713 4006 ἐν
1761 3954 1818 4007 δὲ
1864 3961 1976 4013 ταῖς
2027 3953 2248 4023 αἰθρίαις
2297 3953 2491 4027 ὁμίχλη
2538 3954 2746 4025 κατέχει
2793 3953 2954 4006 πολὺν
3003 3955 3220 4026 χρόνον,
3271 3955 3401 4007 ὥστε
3439 3952 3513 4005 δι’
3562 3952 3762 4023 ἡμέρας

508 4047 634 4118 ὅλης
669 4047 752 4099 ἐπὶ
785 4051 921 4116 τρεῖς
959 4045 1114 4116 μόνον
1150 4043 1185 4112 ἢ
1223 4043 1464 4113 τέτταρας
1502 4043 1636 4113 ὥρας
1670 4041 1761 4099 τὰς
1798 4041 1914 4111 περὶ
1948 4042 2044 4112 τὴν
2081 4038 2404 4111 μεσημβρίαν
2444 4039 2658 4111 ὁρᾶσθαι
2692 4042 2778 4093 τὸν
2815 4039 2982 4110 ἥλιον.

679 4134 748 4196 2)
767 4135 838 4194 cs'.
884 4135 1083 4182 Tacitus
1121 4135 1427 4192 Ayric.10:
1478 4145 1576 4179 nox
1627 4132 1754 4178 clara
1802 4138 1852 4177 et
1900 4137 2127 4178 extrema
2165 4130 2450 4177 Britanniae
2500 4135 2640 4191 parte
2677 4131 2870 4189 brevis,
2925 4135 2984 4176 ut
3018 4119 3168 4177 tinem
3206 4136 3359 4191 atque
3395 4111 3599 4176 initium
3635 4128 3763 4174 lucis

508 4223 691 4282 exiguo
729 4222 1021 4269 discrimine
1058 4221 1380 4268 intui-noscas.

678 4311 726 4370 3)
772 4306 902 4356 Mela
914 4308 972 4367 ³,
996 4310 1046 4368 6,
1074 4309 1155 4355 50.
1180 4310 1241 4356 51
1263 4322 1279 4352 .-
1307 4305 1536 4365 fecunda,
1569 4319 1739 4353 verum
1761 4305 1823 4351 iis
1848 4318 1975 4366 quae
2000 4316 2176 4365 pecora
2195 4317 2339 4364 quam
2361 4303 2591 4351 homines
2610 4303 2881 4362 benignius
2899 4303 3051 4351 alant.
3091 4304 3192 4351 fert
3209 4315 3409 4349 nemora
3425 4302 3687 4362 saltusque
3707 4315 3763 4348 ae

510 4395 829 4456 praegrandia
847 4395 1057 4441 flumina
1068 4394 1273 4441 alternis
1288 4393 1507 4439 motibus
1524 4391 1667 4439 modo
1684 4392 1731 4437 in
1750 4391 1957 4451 pelagus
1975 4389 2112 4437 modo
2128 4395 2257 4437 retro
2273 4390 2485 4436 fluentia
2495 4395 2548 4436 et
2560 4388 2802 4449 quaedam
2813 4402 3032 4448 gemmas
3049 4390 3437 4450 margaritasque
3449 4389 3761 4448 generantia.

678 4480 726 4544 4)
769 4481 837 4543 cs.
885 4481 1087 4529 Tacitus
1124 4481 1289 4539 Ayn‘c.
1333 4482 1393 4526 11
1416 4495 1432 4524 .-
1483 4478 1663 4525 rutilae
1714 4477 2035 4526 Caledoniam
2084 4475 2420 4523 habitantium
2466 4488 2665 4535 comae,
2726 4477 2896 4536 magni
2948 4481 3088 4523 artus
3135 4474 3474 4523 Germanicam
3523 4475 3762 4533 originem

510 4567 820 4615 adseverant.
887 4567 1111 4616 Silurum
1150 4567 1350 4614 colorati
1387 4564 1578 4626 vultus,
1622 4564 1739 4612 torti
1775 4563 2075 4625 plerumque
2112 4563 2280 4610 crines
2317 4567 2368 4611 et
2402 4563 2567 4624 posita
2602 4567 2773 4609 eontra
2811 4562 3051 4623 Hispania
3076 4563 3243 4609 Iberos
3280 4567 3476 4609 veteres
3512 4561 3764 4607 traiecisse

511 4668 692 4715 easque
740 4654 885 4702 sedes
936 4666 1203 4714 occupasse
1253 4652 1401 4699 fidem
1449 4652 1665 4700 faciunt.
1741 4649 1855 4697 hacc
1901 4654 1959 4696 ut
1994 4651 2182 4712 reliqua
2216 4663 2273 4696 cx
2314 4649 2475 4697 Taciti
2510 4649 2745 4708 Apricola
2780 4647 2950 4695 adlata
2985 4649 3170 4695 similla
3204 4650 3363 4707 mayis
3398 4652 3514 4695 sunt
3550 4648 3609 4693 iis
3646 4661 3765 4707 quae

509 4742 759 4801 exscripsn
795 4739 1034 4787 Iordanes
1073 4753 1223 4800 quam
1259 4740 1396 4799 ἅμα,
1448 4750 1647 4799 corpora
1681 4736 1837 4783 fluida
1871 4736 2050 4785 collato
2088 4736 2194 4783 loco
2237 4735 2394 4783 Taciti
2428 4734 2540 4783 hist.
2584 4736 2635 4797 2,
2674 4735 2772 4784 32.·
2824 4735 3092 4782 Germanos
3133 4770 3145 4782 .
3178 4770 3188 4782 .
3223 4771 3235 4783 .
3279 4734 3434 4782 fluxis
3480 4734 3765 4794 corporibus

511 4828 663 4886 ipsius
703 4825 863 4874 Taciti
898 4840 999 4874 asc
1033 4825 1322 4873 crediderim
1356 4828 1402 4871 ct
1437 4837 1586 4883 supra
1625 4821 1900 4870 Iordanem.

680 4912 724 4970 5)
772 4910 901 4960 Meta
936 4914 986 4974 3,
1030 4914 1076 4968 6,
1119 4915 1182 4961 51
1204 4928 1219 4958 .·
1259 4913 1357 4958 fert
1393 4909 1602 4972 populos
1639 4922 1882 4970 regesque
1919 4907 2232 4970 populorum,
2274 4908 2361 4955 sed
2404 4912 2526 4955 sunt
2561 4907 2744 4954 inculti
2780 4919 2971 4955 omnes.

679 5000 728 5060 6)
774 4998 871 5046 Dio
906 5002 1022 5058 epit.
1068 4998 1287 5058 76,12.·
1339 4991 1429 5045 δύο
1480 4992 1536 5044 δὲ
1584 4993 1706 5063 γένη
1742 4999 1843 5044 τῶν
1881 4989 2178 5060 Βρεττανῶν
2216 4990 2430 5063 μέγιστά
2466 4990 2588 5054 εἰσι,
2640 4987 2956 5059 Καληὸόνιοι
2990 4989 3077 5042 καὶ
3110 4985 3371 5043 Μαιᾶται·
3422 4989 3510 5041 καὶ
3546 4987 3599 5047 ἐς
3634 4987 3765 5040 αὐτὰ

507 5085 593 5136 καὶ
627 5082 690 5135 τὰ
722 5091 824 5134 τῶν
859 5081 927 5134 ἅ)
929 5079 1034 5134 λων
1069 5080 1409 5150 προσρήματα
1444 5080 1516 5137 ὡς
1553 5077 1714 5130 εἰπεῖν
1753 5079 2168 5149 συγκεχώρηκεν.

682 5171 729 5232 7)
771 5169 949 5218 Strabo
985 5177 1033 5232 4,
1074 5173 1125 5229 5,
1169 5169 1201 5215 2
1233 5185 1286 5230 p.
1317 5169 1446 5215 20οε
1487 5163 1660 5222 πόλεις
1696 5162 1748 5214 δ’
1785 5163 1951 5216 αὐτῶν
1990 5162 2112 5215 εἰσιν
2151 5163 2200 5215 οἱ
2237 5161 2451 5232 δρυμοί·
2493 5161 2884 5236 περιφράξαντες
2920 5162 3014 5234 γὰρ
3047 5160 3270 5231 δένδρεσι
3293 5139 3766 5231 καταβεβλημένας

510 5255 775 5327 εὐρυχωρῆ
812 5252 1003 5306 κύκλον
1043 5251 1262 5305 ἐνταῦθα
1294 5251 1384 5303 καὶ
1422 5250 1567 5303 αὐτοὶ
1602 5248 2060 5320 καλυβοποιοῦνται
2083 5250 2170 5301 καὶ
2193 5249 2258 5301 τὰ
2282 5249 2587 5319 βοσκήματα
2609 5246 3111 5318 κατασταθμεύουσιν
3138 5267 3195 5300 ου
3222 5248 3349 5318 πρὸς
3373 5247 3532 5300 πολυν
3558 5247 3760 5321 χρόνον.

684 5342 733 5403 8)
778 5343 909 5391 Mela
943 5345 994 5403 3,
1027 5344 1076 5404 2,
1107 5346 1203 5391 51.
1247 5342 1494 5389 incertum
1531 5341 1592 5388 ob
1630 5340 1853 5387 decorem
1890 5355 1953 5387 an
1991 5339 2113 5400 quid
2151 5339 2289 5386 aliud
2327 5340 2455 5386 vitro
2497 5338 2645 5399 (ultro
2679 5336 2845 5398 codex)
2888 5350 3084 5399 corpora
3119 5338 3311 5385 insecti.
3389 5351 3562 5385 causas
3599 5342 3766 5383 tamen

513 5431 753 5479 bellorum
803 5437 855 5477 et
900 5431 1032 5477 bella
1075 5428 1374 5477 contrahunt
1420 5441 1478 5474 ae
1524 5441 1578 5474 se
1619 5425 1712 5487 (sic
1747 5425 1914 5486 codex)
1965 5427 2256 5486 frequenter
2303 5425 2524 5472 invicem
2568 5424 2848 5482 infestant,
2900 5425 3117 5470 maxime
3165 5424 3481 5485 imperitandi
3530 5423 3769 5483 cupidine

511 5518 779 5578 studioque
816 5530 874 5564 ea
910 5515 1192 5578 prolatandi
1228 5528 1357 5575 quae
1392 5512 1672 5573 possident.
1749 5512 1991 5561 dimicant
2027 5525 2123 5560 non
2162 5513 2390 5572 equitatu
2430 5510 2573 5558 modo
2608 5516 2697 5558 aut
2734 5509 2932 5571 pedite,
2988 5523 3162 5558 verum
3198 5515 3250 5557 et
3285 5510 3417 5569 bigis
3452 5514 3505 5557 et
3540 5509 3769 5556 curribus

512 5603 698 5652 Gallice
745 5604 948 5650 armati:
1000 5603 1237 5649 covinnos
1287 5609 1490 5648 vocant:
1544 5612 1755 5660 quorum
1796 5598 1991 5647 falcatis
2039 5600 2218 5646 axibus
2257 5603 2493 5645 utuntur.
2566 5595 2637 5656 cf.
2682 5595 2990 5645 Claudianus
3026 5595 3086 5644 dc
3122 5596 3261 5645 laud.
3304 5595 3495 5644 Stilich.
3538 5596 3588 5654 2,
3630 5596 3730 5641 247
3750 5610 3765 5638 .-

513 5690 765 5738 Britannia
803 5727 814 5737 .
850 5727 861 5738 .
895 5724 907 5736 .
949 5691 1077 5737 ferro
1114 5689 1247 5749 picta
1281 5700 1462 5749 genas;
1504 5688 1558 5733 in
1593 5685 1758 5748 Rufin.
1806 5688 1849 5744 1,
1892 5685 2025 5732 313.-
2067 5686 2391 5745 membraque
2428 5683 2517 5744 qui
2557 5684 2686 5731 {erro
2722 5682 2906 5742 gaudet
2942 5684 3171 5744 pinxisse
3208 5681 3447 5730 Gelonus.

683 5775 730 5838 9)
773 5791 817 5824 c.
863 5779 907 5834 1,
951 5778 1001 5823 9.

666 5875 909 5916 [cabanas.
3318 5874 3348 5920 8
