4882 6775
1274 456 1520 524 LXXII
2660 454 3118 514 PROOEMIVM.

1272 704 1431 766 quos
1480 692 1773 750 auctores
1832 683 1917 749 ad
1975 705 2202 749 manus
2249 683 2516 766 fuerint,
2584 684 2857 767 singulis
2917 682 3172 767 paginis
3233 680 3606 765 subscripsi.
3702 680 4006 766 plagulae
4050 679 4404 765 impressae
4447 691 4503 748 et

1272 806 1510 869 Romae
1558 806 1775 869 curavi
1821 814 1892 870 ut
1933 805 2142 871 denuo
2187 812 2787 887 recognoscerentur
2830 803 2914 869 ad
2963 804 3157 868 libros
3208 802 3554 865 Vaticanos
3599 802 3760 866 duos
3807 802 4167 866 Palatinum
4221 810 4287 866 et
4335 802 4502 867 Otto-

1273 925 1614 990 bonianum
1661 933 1726 991 et
1767 926 1907 1009 ipse
1954 926 2180 990 iterum
2228 925 2430 1006 relegi
2477 925 2563 989 ad
2607 926 2802 990 libros
2847 944 3006 1006 quos
3067 922 3238 987 domi
3299 922 3613 987 habebam
3660 922 4271 1004 Heidelbergensem
4323 924 4503 987 Bres-

1269 1045 1623 1110 laviensem
1670 1045 2262 1128 Cantabrigiensem
2309 1045 2808 1110 Berolinensem.
2913 1064 3038 1127 quo
3100 1044 3267 1108 facto
3313 1063 3455 1106 cum
3516 1043 3637 1107 hoc
3692 1042 3846 1107 mibi
3901 1042 4125 1107 videar
4167 1042 4501 1108 adsecutus

1270 1184 1437 1245 esse,
1494 1173 1564 1231 ut
1595 1186 1838 1230 errores
1870 1166 1935 1229 in
1967 1164 2208 1229 variam
2239 1164 2572 1230 lectionem
2603 1164 2790 1250 pauci
2824 1183 2893 1229 se
2925 1164 3327 1245 insinuarint,
3380 1163 3568 1227 simul
3598 1161 4039 1227 infelicissimo
4071 1182 4222 1227 casu
4255 1164 4496 1243 accidit,

1268 1292 1337 1350 ut
1383 1285 1635 1351 funesto
1679 1284 2012 1366 incendio,
2076 1285 2249 1367 quod
2293 1286 2578 1370 proximo
2624 1306 2791 1349 anno
2850 1284 3085 1348 accidit
3126 1283 3349 1368 paucis
3395 1283 3621 1347 diebus
3679 1289 3824 1367 post
3880 1283 4241 1347 absolutam
4302 1292 4502 1348 textus

1265 1406 1775 1490 impressionem,
1828 1428 1956 1471 una
2001 1427 2143 1470 cum
2191 1407 2376 1471 domo
2422 1426 2567 1470 mea
2610 1413 2905 1488 quattuor
2949 1404 3045 1469 illi
3093 1404 3237 1469 libri
3282 1403 3397 1468 toti
3442 1410 3506 1468 et
3550 1424 3693 1467 cum
3739 1402 3841 1468 his
3903 1403 4138 1468 maiore
4201 1423 4280 1468 ex
4334 1413 4503 1488 parte

1268 1526 1779 1592 Vindobonensis
1825 1548 1888 1591 n.
1941 1530 2066 1590 203
2112 1526 2467 1623 interirent.

1434 1647 1531 1710 Ex
1578 1647 1845 1728 iudicio,
1917 1647 2088 1730 quod
2146 1647 2227 1711 de
2290 1646 2561 1729 singulis
2619 1645 2798 1711 libris
2858 1646 3258 1728 singulisque
3320 1665 3533 1709 eorum
3595 1643 4051 1725 ordinibusque
4110 1664 4308 1727 supra
4368 1645 4497 1725 tuli,

1262 1766 1570 1847 efficitur,
1638 1788 1799 1850 quas
1859 1768 2040 1849 leges
2099 1769 2166 1832 in
2228 1765 2626 1831 Iordanianis
2688 1766 3100 1830 recensendis
3159 1773 3414 1830 secutus
3475 1765 3629 1845 sim,
3698 1763 3942 1827 Geticis
4002 1763 4268 1828 scilicet.
4365 1787 4502 1829 nam

1260 1886 1327 1950 in
1373 1886 1677 1951 Romanis
1722 1908 1863 1951 cum
1909 1896 2163 1972 praeter
2207 1895 2508 1971 excerpta
2552 1885 3158 1951 Cheltenbamensia
3202 1905 3326 1950 non
3372 1885 3589 1950 adsint
3632 1883 3756 1948 nisi
3802 1884 3987 1967 primi
4039 1885 4281 1949 ordinis
4341 1886 4498 1963 libri,

1263 2027 1364 2071 res
1411 2007 1623 2072 facilis
1669 2015 1767 2072 est
1811 2016 1877 2072 et
1920 2008 2243 2091 expedita.
2333 2008 2699 2073 Geticorum
2745 2028 2885 2071 cum
2933 2013 3063 2071 tres
3107 2006 3364 2071 ordines
3410 2006 3712 2070 librorum
3776 2004 4128 2089 supersint,
4193 2026 4501 2088 quaenam

1260 2127 1567 2210 cuiusque
1600 2148 1813 2193 eorum
1848 2128 2193 2193 auctoritas
2225 2127 2329 2210 sit,
2374 2149 2613 2213 anceps
2644 2128 2934 2210 quaestio
2967 2134 3065 2191 est
3095 2147 3296 2209 eoque
3329 2126 3537 2208 magis
3566 2125 3897 2209 implicita,
3935 2124 4105 2207 quod
4137 2125 4202 2188 in
4235 2125 4504 2208 singulis

1174 2244 1204 2331 ³,
1258 2246 1590 2311 ordinibus
1634 2248 1918 2312 codicum
1967 2248 2255 2312 condicio
2300 2247 2643 2312 admodum
2691 2249 2910 2331 dispar
2955 2254 3071 2312 est.
3155 2246 3462 2311 Iordanes
3508 2266 3649 2309 cum
3696 2246 4023 2330 scripserit
4065 2264 4142 2309 eo
4189 2265 4497 2325 sermone,

1202 2370 1212 2467 ξ
1258 2387 1383 2450 quo
1428 2374 1575 2431 tunc
1612 2369 1804 2451 vulgo
1851 2370 2208 2445 utebantur,
2262 2368 2622 2432 soloecismi
2669 2369 2808 2432 eius
2855 2389 2977 2432 non
3024 2375 3153 2432 tam
3191 2367 3497 2448 aequales
3542 2366 3952 2431 offendebant
3995 2385 4186 2447 quam
4217 2374 4503 2449 posteros

1174 2476 1209 2541 'l
1258 2488 1536 2553 imbutos
1583 2488 1777 2553 medii
1808 2489 1952 2552 aevi
2000 2488 2385 2553 scholastica
2430 2488 2732 2553 doctrina.
2829 2496 3168 2573 propterea
3213 2488 3409 2551 multo
3454 2486 3663 2569 magis
3707 2507 3896 2568 quam
3945 2485 4170 2568 reliqui
4215 2494 4504 2551 auctores

1260 2609 1838 2689 grammatistarum
1900 2608 2039 2673 eius
2084 2607 2314 2672 aetatis
2375 2608 2885 2674 emendationem
2945 2608 3173 2690 subiit,
3240 2608 3619 2692 procedente
3677 2614 3960 2690 tempore
4018 2613 4087 2671 ut
4140 2606 4390 2672 civilior
4447 2616 4504 2672 et

1258 2728 1628 2808 humanior,
1697 2729 1790 2793 ita
1849 2729 1947 2793 sui
2010 2728 2217 2811 magis
2277 2728 2611 2793 dissimilis
2670 2729 2975 2796 evadens.
3069 2728 3151 2793 ab
3209 2728 3328 2793 hac
3387 2726 3880 2810 interpolatione
3937 2727 4253 2792 immunes
4325 2749 4502 2792 man-

1196 2791 1219 2899 κὴ
1265 2856 1481 2913 serunt
1536 2849 1657 2912 soli
1718 2850 1843 2914 duo
1889 2849 2035 2914 libri
2082 2849 2646 2933 Heidelbergensis
2693 2850 2931 2914 saeculi
2991 2849 3199 2914 octavi
3246 2855 3309 2913 et
3353 2848 3684 2912 Palatinus
3727 2846 3913 2927 noni,
3981 2847 4228 2912 scilicet
4274 2849 4333 2913 si
4378 2850 4501 2933 pri-

1210 2996 1213 3003 ·
1262 2990 1427 3033 mam
1462 2989 1718 3033 manum
1755 2970 2149 3054 respicimus,
2203 2991 2352 3033 nam
2398 2970 2782 3053 posteriores
2829 2969 3273 3034 emendatores
3304 2968 3419 3032 hos
3448 2988 3698 3050 quoque
3727 2967 4120 3032 invaserunt.
4197 2968 4501 3035 modestis

1258 3090 1489 3154 finibus
1534 3111 1677 3154 eam
1722 3090 2119 3155 admiserunt
2161 3090 2269 3171 qui
2316 3090 2705 3173 scripserunt
2746 3090 3361 3154 Valenciennensem
3409 3090 3666 3153 saeculo
3712 3109 3874 3152 nono
3920 3096 3984 3153 et
4027 3088 4276 3153 decimo
4323 3068 4499 3155 Otto-

1257 3210 1633 3290 bonianum3
1687 3211 1816 3274 late
1854 3217 2148 3292 grassata
2193 3215 2291 3274 est
2336 3211 2417 3274 ab
2465 3209 2798 3274 undecimo
2841 3210 2993 3275 inde
3039 3211 3320 3291 saecu10,
3374 3209 3708 3274 dominans
3753 3208 3817 3272 in
3851 3209 4282 3273 Laurentiano
4317 3211 4502 3275 Bres-

1254 3330 1526 3396 laviensi
1581 3330 1987 3396 Atrebatensi
2047 3330 2565 3412 Cantabrigiensi
2623 3330 3019 3397 Berolinensi
3088 3325 3366 3413 itemque
3431 3330 3496 3394 in
3554 3329 3821 3414 reliquis
3879 3352 3919 3394 a
3976 3330 4159 3395 nobis
4220 3331 4492 3396 omissis.

1252 3452 1522 3534 accedit,
1576 3452 1747 3534 quod
1790 3453 1835 3516 ii
1878 3451 2004 3536 ipsi
2049 3452 2326 3534 codices,
2378 3451 2612 3534 quibus
2653 3453 3131 3534 grammatistae
3176 3459 3615 3537 pepercerunt,
3668 3450 4239 3533 Heidelbergensis
4287 3460 4354 3518 et
4383 3454 4501 3516 Pa-

1256 3572 1495 3636 latinus
1540 3572 1690 3637 item
1748 3573 1943 3658 probe
2006 3580 2071 3638 et
2130 3573 2430 3655 religiose
2478 3572 2692 3656 scripti
2741 3581 2919 3649 sunt,
2987 3593 3128 3637 cum
3174 3572 3635 3637 Ottobonianus
3677 3578 3889 3636 aetate
3935 3571 4016 3635 iis
4060 3592 4186 3636 non
4233 3573 4498 3639 multum

1255 3691 1514 3757 inferior
1559 3714 1764 3775 neque
1814 3713 2199 3778 magnopere
2242 3693 2666 3777 interpolatus
2712 3714 2753 3756 a
2797 3693 3056 3758 librario
3100 3692 3320 3756 veniat
3378 3692 3967 3774 neglegentissimO.
4075 3700 4351 3758 eatenus
4410 3693 4498 3757 illi

1255 3811 1380 3875 duo
1444 3812 1588 3877 libri
1649 3814 1766 3878 soli
1820 3814 2305 3879 fundamentum
2352 3814 2817 3896 praebuerunt,
2883 3814 3113 3896 quibus
3157 3819 3293 3877 tuto
3339 3813 3800 3877 insisteremus.
3894 3821 3961 3877 at
4019 3812 4072 3876 si
4126 3814 4498 3897 respicimus

1254 3953 1395 3996 eam
1444 3933 1731 3997 lectionis
1777 3933 2236 4015 diversitatem,
2290 3955 2456 4015 quae
2500 3955 2623 3998 non
2667 3934 2747 3997 ab
2794 3933 3276 4018 interpolatione
3322 3933 3742 4015 grammatica
3785 3933 4039 4016 pendet,
4092 3941 4344 3999 tantum
4388 3936 4500 4000 ab-

1256 4061 1375 4133 est,
1430 4060 1499 4117 ut
1542 4054 1785 4136 primae
1830 4055 2058 4119 classis
2102 4055 2510 4139 privilegium
2555 4055 2639 4119 ad
2686 4075 2827 4118 eam
2871 4053 3023 4118 item
3072 4054 3420 4138 perveniat,
3479 4062 3546 4117 ut
3589 4053 3881 4134 fortasse,
3935 4053 3988 4116 si
4020 4053 4332 4119 adessent
4360 4055 4498 4119 libri

1253 4173 1516 4237 secundi
1563 4181 1627 4237 et
1670 4175 1858 4238 etiam
1908 4177 2113 4257 magis
2157 4176 2326 4240 tertii
2373 4175 2614 4239 ordinis
2660 4196 2776 4239 sua
2821 4175 3101 4239 bonitate
3150 4175 3473 4238 Palatinos
3517 4180 3886 4255 aequanteS,
3939 4194 4052 4238 eos
4096 4175 4496 4258 potissimum

1252 4315 1406 4378 prae
1474 4293 1575 4357 his
1634 4314 2063 4375 sequeremur.
2161 4317 2307 4359 nam
2368 4304 2639 4361 stemma
2697 4295 3016 4372 codicum,
3090 4295 3260 4378 quod
3320 4315 3396 4358 ex
3458 4315 3650 4378 supra
3708 4295 3934 4378 positis
3999 4294 4309 4375 efficitur,
4387 4297 4498 4361 hoc

1253 4418 1390 4483 fere
1438 4425 1565 4482 est:

2522 4571 2891 4640 archetypum
2930 4587 3218 4624 commune

1868 4708 2234 4777 archetypum
2273 4709 2526 4761 ordinum
3215 4708 3577 4778 archetypum
3616 4709 3828 4762 ordinis

1936 4779 2095 4846 primi
2136 4785 2196 4829 et
2232 4778 2465 4831 secundi
3440 4778 3594 4831 tertii

1250 4917 1615 4984 archetypum
1654 4917 1863 4970 ordinis
2528 4915 2889 4984 archetypum
2928 4918 3143 4970 ordinis

1477 4986 1639 5051 primi
2719 4987 2947 5039 sceiindi

1258 5077 1549 5094 --ν
2644 5079 3036 5102 ——dn
3305 5077 3734 5100 ,—-‘—-=

1252 5122 1298 5174 H
1438 5122 1482 5174 P
1624 5123 1673 5175 V
1813 5125 1856 5176 L
2627 5122 2663 5176 S
2806 5127 2849 5177 Ο
2993 5126 3036 5178 Β
3305 5125 3356 5177 Χ
3497 5124 3547 5176 Υ
3689 5125 3728 5177 Ζ

1433 5191 1488 5314 l

1247 5397 1409 5462 baec
1455 5400 1508 5462 si
1557 5405 1726 5461 recte
1773 5397 2120 5480 posuimus,
2175 5398 2376 5462 libera
2420 5399 2648 5463 electio
2693 5407 2792 5463 est
2840 5421 2962 5463 non
3012 5400 3216 5464 solum
3263 5401 3388 5482 ibi,
3444 5400 3551 5464 ubi
3597 5407 3725 5463 tres
3775 5399 4031 5464 ordines
4078 5399 4479 5482 dissentiunt,

1248 5519 1363 5583 scd
1407 5519 1499 5583 ibi
1544 5539 1815 5600 quoque,
1870 5519 1977 5582 ubi
2024 5519 2104 5581 ab
2150 5538 2278 5581 una
2322 5524 2501 5601 parte
2548 5526 2717 5583 stant
2749 5523 3166 5583 HPVLASOB
3195 5526 3413 5584 contra
3445 5524 3621 5581 Xl'Z:
3670 5540 3705 5582 e
3751 5520 4062 5584 contrario
4107 5521 4485 5603 ubicumque

1248 5646 1360 5702 aut
1404 5644 1459 5700 H
1470 5639 1814 5701 PVLAXYZ
1854 5646 2025 5702 stant
2070 5645 2287 5702 contra
2320 5643 2474 5700 SUB
2504 5645 2614 5702 aut
2663 5645 2965 5702 SOBXYZ
3003 5648 3220 5705 contra
3255 5644 3530 5720 llPVLA,
3585 5639 3813 5703 classis
3859 5641 4142 5705 solitaria
4187 5642 4477 5706 vincitur.

1250 5759 1366 5824 sed
1414 5759 1481 5823 id
1541 5760 1631 5823 ita
1692 5759 2173 5842 temperandum
2236 5768 2366 5841 est,
2435 5767 2505 5823 ut
2560 5759 3063 5844 interpolationis
3117 5771 3181 5825 et
3242 5761 3705 5825 emendationis
3766 5761 4040 5844 suspicio
4097 5783 4480 5845 quamquam
