4882 6775
1905 490 2363 575 PRoonva.
3540 490 3756 555 LXIII

765 737 829 800 p.
882 720 982 797 59,
1090 720 1115 778 1
1167 715 1614 782 screrefennae
1659 721 1711 779 X
1720 720 1823 797 YZ,
1873 715 2248 782 rerefennae
2294 720 2504 780 HPVL
2549 721 2727 796 flav„
2782 714 3123 781 crefennae
3172 718 3276 778 OB

1076 821 1115 881 2
1161 818 1300 885 ouis
1345 819 1564 885 auium
1609 823 1657 881 X
1670 823 1771 900 YZ,
1824 819 2040 885 ouium
2090 822 2213 902 OB,
2266 818 2480 885 ouium
2525 818 2869 901 auiumque
2912 817 3174 882 HPVLA

877 924 978 1003 84,
1077 927 1115 985 4
1159 922 1311 1007 iugo
1354 922 1528 988 hemi
1559 922 1773 1003 AXYZ‚
1828 922 2050 1004 iugum
2095 922 2266 988 enim
2314 927 2487 1003 HPV,
2541 923 2762 1005 iugum
2808 922 2946 986 eius
3001 927 3069 1002 L,
3121 922 3341 1004 iugum
3377 924 3447 1005 Ο,
3500 918 3651 1004 iugo
3698 924 3751 982 B

837 1028 975 1107 107,
1035 1028 1109 1088 17
1159 1024 1434 1090 diuersis
1479 1024 1765 1108 gentium
1811 1029 1929 1107 ΧΥ,
1996 1025 2271 1091 diuersis
2326 1024 2627 1110 gentibus
2684 1031 2749 1090 et
2809 1029 2933 1107 OB,
2999 1023 3417 1110 superbarum
3463 1023 3748 1107 gentium

1154 1128 1413 1192 HPVLA

835 1233 973 1313 125,
1030 1234 1110 1295 25
1157 1232 1669 1317 conspiratioque
1715 1236 1877 1313 XYZ,
1931 1233 2419 1317 conspiratoque
2467 1231 2697 1313 HPVA,
2753 1230 3378 1317 conspiratorumque
3428 1235 3533 1295 OB

496 1351 607 1434 qui
655 1351 776 1416 loci
821 1351 912 1418 ita
956 1352 1305 1436 comparati
1350 1360 1529 1437 sunt,
1597 1360 1671 1418 ut
1726 1373 1933 1437 neque
1994 1353 2075 1418 de
2134 1374 2290 1419 casu
2347 1373 2556 1436 neque
2616 1352 2696 1418 de
2754 1352 3116 1418 coniectura
3172 1358 3344 1417 recte
3405 1352 3737 1436 cogitetur.

500 1491 616 1537 nec
660 1479 831 1537 recte
876 1472 1099 1557 opinor
1141 1473 1449 1539 obicietur
1490 1472 1785 1557 paucitas
1845 1474 2305 1559 exemplorum.
2399 1495 2548 1539 nam
2609 1494 2751 1538 cum
2810 1479 3030 1538 auctor
3074 1472 3223 1537 talis
3283 1471 3403 1555 sit,
3471 1472 3572 1537 cui
3615 1472 3743 1556 ipsi

492 1592 1044 1676 perturbatissima
1100 1614 1394 1677 quaeque
1456 1600 1521 1659 et
1576 1592 1982 1677 ineptissima
2041 1594 2267 1661 merito
2326 1594 2608 1677 tribuas,
2672 1594 2740 1659 in
2800 1592 3043 1659 Geticis
3088 1599 3332 1673 autem,
3398 1592 3466 1657 in
3510 1593 3742 1675 quibus

492 1712 644 1777 solis
693 1712 986 1778 diversae
1035 1713 1302 1797 originis
1349 1713 1601 1779 codices
1645 1721 1900 1797 praesto
1946 1721 2112 1797 sunt,
2166 1735 2293 1779 non
2336 1713 2522 1780 multi
2567 1713 2689 1779 loci
2734 1712 3141 1778 inveniantur
3181 1712 3275 1778 ita
3305 1712 3628 1797 desumpti
3659 1732 3739 1778 ex

488 1833 853 1899 auctoribus
898 1834 1081 1900 nobis
1126 1834 1421 1917 servatis,
1472 1840 1542 1899 ut
1583 1835 1651 1900 in
1694 1834 1776 1899 iis
1822 1834 2003 1900 crisis
2050 1841 2291 1900 certum
2337 1833 2820 1909 fundamentum
2851 1833 3107 1914 habeat,
3160 1832 3286 1897 rari
3320 1832 3447 1898 sint
3476 1851 3739 1899 necesse

496 1960 594 2018 est
637 1953 798 2037 loci,
865 1955 975 2019 ubi
1018 1954 1206 2039 primi
1253 1954 1647 2038 secundique
1694 1954 1937 2020 ordinis
1983 1955 2286 2020 librorum
2331 1954 2520 2020 lectio
2564 1954 2656 2020 ita
2714 1954 3009 2020 vincatur
3065 1974 3107 2019 a
3157 1953 3374 2035 tertio,
3444 1959 3516 2018 ut
3571 1953 3737 2018 hanc

493 2074 825 2140 evidenter
868 2082 1180 2161 appareat
1221 2095 1439 2140 veram
1484 2095 1630 2141 esse
1675 2075 1972 2157 auctoris,
2022 2076 2203 2141 illam
2248 2082 2452 2140 ortam
2499 2096 2580 2141 ex
2624 2075 3022 2141 librariorum
3066 2074 3498 2159 neglegentia.

658 2194 903 2273 Quibus
949 2195 1106 2261 locis
1152 2195 1555 2261 consentiunt
1596 2196 1663 2261 in
1708 2196 2024 2261 erroribus
2070 2196 2298 2261 classis
2342 2195 2530 2261 tertia
2575 2203 2640 2261 et
2682 2195 2925 2280 primae
2970 2194 3222 2260 codices
3265 2194 3561 2278 quidam:

743 2338 805 2401 p.
862 2319 964 2399 72,
1023 2320 1098 2379 15
1146 2314 1484 2400 medopam
1534 2320 1809 2399 P-VLOB,
1862 2316 2192 2382 medorum
2239 2298 2444 2379 HXYZ

857 2423 958 2501 90,
1055 2422 1095 2481 4
1142 2438 1333 2484 cerua
1376 2417 1691 2504 disparuit
1732 2423 2083 2504 IIPVSOB,
2136 2440 2249 2483 om.
2302 2424 2500 2483 LXYZ
2533 2429 2783 2502 propter
2827 2420 3320 2482 homoeoteleuton

818 2525 961 2606 102,
1058 2524 1096 2584 2
1144 2522 1426 2605 egeritur
1468 2526 1723 2607 reliqui,
1775 2523 2045 2607 erigitur
2088 2527 2294 2587 LXYZ

484 2642 636 2717 item
681 2641 909 2709 classis
953 2643 1139 2709 tertia
1182 2661 1327 2708 cum
1372 2642 1691 2708 secunda:

737 2784 802 2847 p.
855 2767 959 2847 84,
1016 2766 1091 2826 17
1139 2762 1516 2829 mirabiliter
1546 2767 1787 2862 reliqui,
1839 2764 2291 2830 miserabiliter
2319 2769 2425 2827 ΒΧ
2433 2768 2481 2826 Y
2506 2785 2590 2827 (ια,-
2621 2767 3078 2848 interpolatione
3107 2766 3365 2828 hominis
3400 2738 3736 2829 Clirzstiam?

817 2869 959 2949 102,
1017 2869 1094 2930 19
1141 2867 1550 2932 exconsulem
1595 2870 1836 2951 reliqui,
1892 2874 1955 2933 et
2000 2868 2327 2934 consulem
2378 2872 2540 2932 OXY
2585 2869 2657 2950 (B
2702 2870 2913 2952 deficit)

481 2986 571 3052 ibi
631 3006 735 3052 res
791 2985 958 3052 redit
1019 2993 1132 3053 aut
1196 2987 1283 3052 ad
1348 2987 1708 3071 corrigendi
1772 3006 2031 3054 causam
2100 3008 2498 3055 communem
2556 2996 2668 3054 aut
2725 2988 2812 3054 ad
2870 3009 3110 3056 casum.
3204 2989 3728 3076 interpolationes

480 3107 936 3191 grammaticae
980 3127 1123 3173 cum
1168 3108 1412 3192 passim
1458 3108 2050 3194 deprehendantur,
2116 3110 2526 3175 inveniuntur
2569 3109 2764 3176 etiam
2823 3109 2994 3176 aliae
3051 3110 3407 3195 graviores:
3475 3113 3569 3179 ita
3625 3113 3728 3178 bis

482 3250 547 3314 p.
587 3230 689 3311 78,
735 3233 831 3292 11.
888 3231 990 3311 80,
1030 3232 1064 3291 7
1111 3227 1237 3312 (hic
1282 3235 1496 3294 tamen
1541 3229 1608 3294 in
1640 3230 1777 3296 solo
1818 3234 1887 3315 Y)
1940 3230 2312 3296 Alexander
2342 3235 2582 3294 Mamae
2627 3231 3007 3298 emendatus
3053 3237 3152 3297 est
3192 3232 3261 3297 in
3291 3233 3727 3299 Alexandrum

478 3354 813 3416 Mammeae
863 3353 1091 3433 filium,
1155 3349 1310 3415 item
1357 3352 1461 3434 88,
1514 3355 1549 3415 7
1613 3350 1915 3434 gentibus
1973 3371 2140 3435 quae
2198 3358 2652 3417 enumerantur
2710 3372 3011 3420 numerus
3070 3355 3344 3417 undet-[m
3405 3352 3716 3420 adiectus.

475 3470 750 3554 denique
796 3490 878 3535 ex
921 3492 1084 3554 may.
1135 3474 1263 3534 mil.
1315 3473 1418 3550 88,
1474 3474 1511 3534 3
1557 3471 1795 3537 factum
1857 3479 1957 3537 est
2014 3494 2238 3557 mayna
2294 3476 2488 3537 milia.
2582 3479 2968 3557 quapropter
3026 3474 3220 3540 etiam
3274 3475 3446 3558 quod
3490 3474 3726 3559 legitur

474 3597 578 3676 55,
616 3597 654 3655 4
700 3592 767 3656 in
796 3590 897 3657 his
929 3591 1112 3662 libris
1139 3594 1499 3676 yppopodeS,
1553 3612 1696 3657 cum
1741 3593 1807 3657 in
1851 3592 2114 3677 reliquis
2161 3593 2243 3658 sit
2284 3595 2634 3676 hyppodem,
2685 3614 2803 3678 per
2847 3613 2917 3660 se
2962 3595 3294 3679 probabile
3326 3596 3723 3661 coniecturae

469 3714 875 3779 tribuendum
937 3718 1067 3793 est,
1144 3731 1288 3777 cum
1347 3713 1722 3796 praesertim
1781 3713 2193 3798 geographus
2251 3715 2597 3780 Ravennas
2663 3736 2704 3780 a
2767 3715 3032 3796 reliquis
3092 3716 3270 3781 libris
3330 3721 3456 3781 stet
3514 3723 3580 3782 et
3643 3736 3723 3781 ex

472 3834 696 3899 Ethico
740 3832 1078 3899 Iordanem
1121 3832 1189 3896 in
1232 3831 1351 3898 hoc
1396 3832 1702 3898 librorum
1746 3833 1967 3900 ordine
2011 3834 2436 3918 praecedente
2496 3833 2798 3901 librarius
2856 3835 3191 3920 archetypi
3235 3856 3456 3902 verum
3499 3842 3718 3922 petere

470 3953 766 4040 potuerit.

642 4074 1003 4160 Principem
1046 4073 1237 4140 huius
1267 4073 1549 4140 familiae
1581 4074 1813 4140 librum
1859 4075 2281 4163 deprehendit
2308 4075 2751 4143 Bethmannus
2794 4097 2939 4143 eum
2970 4077 3192 4161 fuisse,
3245 4098 3434 4161 quem
3465 4077 3715 4143 Wando

468 4217 585 4282 per
626 4217 686 4259 a.
724 4199 1061 4259 742—747
1109 4196 1312 4261 abbas
1357 4195 1427 4261 S.
1463 4194 1926 4280 Wandrcgisili
1969 4196 2355 4263 monasterio
2401 4218 2518 4264 suo
2563 4198 2809 4282 legavit
2850 4198 3119 4265 testibus
3163 4197 3365 4282 gestis
3409 4199 3714 4264 abbatum

468 4317 1058 4384 Fontanellensium
1126 4317 1311 4399 (Mon.
1363 4315 1579 4382 Germ.
1646 4317 1763 4382 SS.
1827 4317 1893 4381 H
1948 4338 2012 4401 p.
2066 4319 2210 4402 287)
2278 4317 2652 4404 inscriptum
2717 4318 3016 4384 ‘historia
3074 4318 3367 4385 Iordanis
3428 4319 3712 4405 episcopi

478 4437 904 4503 ‘Ravennatis
965 4437 1276 4503 ecclesiae
1332 4436 1702 4517 Getarum’3
1770 4457 1918 4502 nam
1981 4407 2353 4525 episcopum
2397 4440 2837 4505 Ravennatem
2895 4445 3218 4505 auctorem
3275 4440 3342 4505 in
3394 4439 3516 4504 hoc
3575 4440 3710 4504 solo

468 4558 689 4623 ordine
733 4558 1037 4623 librorum
1082 4557 1399 4643 appellari
1445 4577 1639 4644 supra
1681 4579 1745 4643 p.
1783 4558 1944 4622 XIII
1974 4557 2274 4624 vidimus.
2353 4566 2421 4625 at
2463 4559 2521 4625 is
2567 4560 2729 4626 liber
2773 4560 2961 4626 hodie
3008 4559 3410 4626 desideratur
3446 4567 3511 4625 et
3539 4560 3710 4645 quod

468 4679 549 4745 de
594 4678 874 4745 secundo
918 4677 1138 4744 ordine
1183 4678 1321 4743 dixi
1366 4698 1512 4743 eum
1557 4699 1633 4744 eo
1676 4679 1929 4744 nomine
1973 4679 2373 4764 potissimum
2417 4702 2460 4746 a
2502 4681 2704 4765 primo
2749 4681 3059 4766 superari,
3111 4680 3281 4765 quod
3317 4681 3712 4766 exemplaria

467 4800 731 4884 antiqua
775 4805 838 4864 et
880 4799 1051 4865 bona
1095 4799 1286 4865 huius
1331 4804 1569 4881 extant,
1621 4799 1797 4863 illius
1842 4799 2198 4883 perierunt,
2251 4799 2320 4865 id
2364 4801 2562 4867 multo
2607 4802 2816 4884 magis
2858 4801 2925 4866 in
2970 4801 3226 4866 tertium
3273 4801 3464 4867 cadit.
3559 4821 3707 4867 nam

468 4942 609 4986 cum
653 4921 823 4986 hunc
864 4939 1119 5003 quoque
1164 4926 1411 4986 constet
1452 4919 1741 4985 extitisse
1787 4920 2043 4986 saeculo
2088 4928 2348 5004 octaVO,
2412 4923 2872 5007 exemplarium
2918 4942 3084 5005 quae
3145 4922 3486 4989 habuimus
3541 4924 3710 4989 anti-

465 5041 840 5123 quissimum
887 5050 987 5107 est
1016 5039 1546 5125 Cantabrigiense
1592 5060 1761 5106 saec.
1807 5041 1901 5105 XI
1946 5048 2248 5126 excerpta
2291 5049 2508 5108 tamen
2551 5043 2863 5108 habemus
2907 5041 3027 5108 hoc
3070 5042 3429 5126 antiquiora
3472 5044 3707 5111 codicis

468 5161 849 5245 Duacensis,
903 5161 983 5227 de
1028 5162 1261 5244 quibus
1305 5161 1435 5227 iam
1480 5161 1833 5228 videamus.

635 5300 1021 5365 DVACENsls
1065 5300 1265 5366 codex
1308 5320 1374 5364 n.
1427 5301 1547 5362 753
1596 5299 1834 5365 sacculi
1880 5300 1943 5363 X
1988 5299 2283 5366 exeuntis
2340 5301 2445 5366 vel
2503 5300 2868 5386 incipientis
2931 5301 3250 5369 undecimi
3309 5305 3704 5390 compilatio—
3731 5308 3982 5401 ffifffflffia

462 5443 608 5488 nem
652 5442 862 5487 rerum
907 5427 1231 5504 gestarum
1276 5420 1714 5505 complectitur
1756 5441 1797 5485 a
1840 5421 2149 5486 monacho
2204 5422 2483 5505 quodam
2529 5421 2879 5488 Vedastino
2937 5431 3050 5489 aut
3107 5424 3331 5489 eodem
3391 5434 3691 5511 tempore,

464 5564 586 5628 quo
631 5543 793 5609 liber
845 5541 1116 5625 scriptus
1161 5548 1292 5624 est,
1345 5546 1458 5606 aut
1499 5561 1624 5605 non
1668 5540 1866 5607 multo
1910 5549 2059 5607 ante
2105 5542 2496 5608 elaboratam
2544 5549 2607 5608 et
2652 5544 2771 5608 hoc
2814 5544 2948 5609 solo
2993 5544 3210 5610 codice
3255 5546 3439 5610 nobis
3484 5566 3703 5613 serva-

460 5671 612 5730 tam.
705 5663 1099 5728 collectanea
1141 5682 1220 5727 ea
1262 5681 1466 5746 nuper
1507 5661 1882 5745 prodierunt
1932 5671 2193 5728 curante
2249 5663 2524 5729 Waitzio
2569 5672 2782 5730 nostro
2844 5666 3032 5748 (Mon.
3091 5664 3305 5731 Germ.
3373 5666 3487 5730 SS.
3538 5667 3700 5733 XIII

460 5807 525 5872 p.
562 5789 683 5848 674
718 5785 871 5868 sq.),
925 5783 1026 5848 cui
1073 5782 1335 5847 missum
1381 5781 1613 5848 librum
1660 5773 1964 5867 scriptum
2010 5804 2127 5847 nos
2172 5783 2324 5848 item
2369 5805 2484 5869 pro
2528 5805 2596 5850 re
2627 5785 3049 5850 excussimus,
3124 5794 3343 5851 auctor
3370 5787 3537 5852 inter
3566 5788 3700 5853 alia
