4882 6775
978 4142 1208 4184 mitione·

1228 507 1409 572 LXX
2613 512 3068 567 PROOEMWM.

1398 732 1473 796 In
1529 731 1887 797 inventario
1946 754 2156 798 rerum
2215 735 2584 800 monasterii
2631 735 3041 801 Centulensis
3099 736 3235 801 sive
3299 737 3367 800 S.
3420 734 3699 799 Richarii
3757 734 3823 799 in
3881 733 4176 799 Picardia
4231 753 4289 796 a.
4344 734 4462 796 831

1228 853 1395 918 facto
1450 852 1788 936 (d’Achery
1832 853 2042 937 spicil.
2094 854 2198 919 ed.
2252 858 2289 916 2
2334 855 2463 920 vol.
2514 856 2577 920 11
2623 877 2685 940 p.
2740 858 2883 939 311)
2954 863 3321 922 recensetur
3372 854 3672 920 ‘historia
3729 854 4021 920 Iordanis
4081 853 4162 919 de
4221 874 4468 921 summa

1238 980 1626 1057 ‘temporum
1672 980 1737 1038 et
1781 973 1862 1039 de
1907 973 2152 1057 origine
2197 975 2573 1059 actibusque
2619 979 3047 1042 Romanorum
3093 997 3217 1041 uno
3262 975 3630 1040 volumine'.

1400 1093 1618 1159 Gratzi
1683 1094 1747 1158 in
1824 1094 2209 1161 bibliotheca
2286 1096 2717 1163 universitatis
2782 1096 2891 1162 fol.
2966 1101 3084 1180 42,
3161 1100 3241 1160 59
3308 1095 3508 1161 codex
3576 1103 3674 1161 est
3738 1113 3908 1160 saec.
3982 1095 4112 1159 XII
4179 1094 4471 1160 exeuntis

1229 1214 1604 1279 adservatus
1663 1214 1813 1279 olim
1875 1214 1939 1279 in
1985 1215 2051 1279 S.
2106 1216 2430 1302 Lamperti
2491 1217 2557 1282 in
2602 1216 2860 1282 Austria
2905 1237 3048 1281 cum
3093 1216 3215 1281 hac
3258 1216 3790 1302 praescriptione:
3865 1216 4014 1283 ‘hos
4059 1214 4472 1296 historiogra-

1237 1334 1431 1418 ‘pbos
1476 1334 1541 1399 in
1589 1356 1710 1400 uno
1740 1335 2082 1418 volumine,
2135 1337 2252 1402 sed
2298 1338 2415 1403 sub
2463 1338 2719 1402 XXIIII
2766 1339 3068 1402 librorum
3114 1336 3522 1402 distinctione
3568 1336 4105 1421 comprehendere
4148 1334 4475 1420 proposuit

1238 1455 1669 1521 ‘Hartwicus:
1737 1456 2066 1537 Orosium,
2132 1457 2429 1523 Ottonem
2487 1457 2649 1521 Fris.
2699 1478 2804 1542 ep.
2830 1511 2844 1540 ‚
2911 1460 3263 1522 Romanam
3325 1456 3686 1537 historiam,
3754 1457 4123 1535 Iordanem,
4190 1456 4469 1537 Trogum

1236 1577 1520 1660 ‘Pomp.,
1586 1576 1847 1641 Honorii
1893 1577 2223 1657 chronica,
2280 1578 2630 1660 Reginonis
2676 1578 3010 1659 chronica,
3079 1578 3362 1655 Livium,
3416 1576 3851 1661 Nicophorum
3895 1577 3999 1642 vel
4048 1576 4217 1641 Geor
4367 1628 4379 1639 .
4426 1627 4438 1638 .

1229 1694 1334 1777 (cf.
1398 1696 1821 1762 wattenbach
1880 1697 2055 1782 apud
2114 1698 2431 1764 Pertzium
2490 1699 2717 1762 Archiv
2781 1702 2893 1781 10,
2947 1700 3121 1782 623).
3217 1698 3281 1762 in
3338 1697 3480 1780 ipso
3539 1696 3859 1761 volumine
3916 1696 4212 1762 Iordanis
4271 1696 4474 1761 libelli

1230 1836 1354 1880 non
1400 1815 1655 1882 adsunt.

1400 1936 1592 2021 Apud
1648 1938 2027 2003 Silvestrum
2091 1940 2531 2025 Maurolycum
2604 1947 2767 2005 teste
2841 1941 3133 2022 catalogo
3208 1938 3512 2002 librorum
3584 1937 3724 2002 eius
3808 1937 3967 2020 (cod.
4020 1938 4165 2001 Vat.
4231 1936 4466 2002 Christ.

1231 2061 1398 2121 2099
1460 2077 1629 2123 saec.
1681 2058 1852 2141 XVI)
1918 2058 2041 2125 fuit
2086 2059 2285 2125 codex
2333 2061 2665 2126 continens
2716 2060 3148 2145 ‘Gepidarum
3194 2065 3380 2141 gesta
3425 2065 3488 2123 et
3533 2057 3714 2122 Pauli
3762 2058 4012 2123 diaconi
4061 2057 4209 2121 hist.
4262 2058 4467 2140 Lang.

1238 2179 1539 2243 ‘membr.
1591 2178 1749 2243 f01.’.
2647 2168 2653 2175 ’

1400 2299 1688 2364 Murbaci
1735 2299 2083 2364 secundum
2130 2301 2490 2383 catalogum
2539 2322 2600 2364 a.
2660 2304 2819 2364 1464
2876 2301 3125 2380 (Matter
3170 2303 3371 2362 lettres
3418 2311 3472 2363 et
3524 2304 3722 2383 pae’eces
3769 2320 3947 2363 rores
3993 2298 4257 2363 Parisiis
4313 2301 4473 2361 1846

1230 2441 1292 2503 p.
1346 2423 1447 2502 69)
1501 2419 1758 2485 fuerunt
1800 2420 2091 2485 Iordanis
2136 2420 2541 2485 historiarum
2588 2420 2736 2485 libri
2780 2420 2927 2485 duo,

1402 2540 1477 2603 In
1530 2539 2053 2623 ‘Consignatione
2100 2540 2400 2605 librorum
2447 2540 2769 2605 illustriss,
2808 2540 3009 2625 princ.
3047 2547 3111 2605 et
3140 2541 3321 2605 ducis
3353 2540 3613 2605 Mediol.
3650 2547 3714 2605 et
3745 2540 3942 2625 Papie
3972 2540 4144 2605 facta
4171 2539 4236 2603 in
4263 2547 4473 2604 castro

1238 2659 1469 2745 ‘Papie
1522 2663 1708 2722 1426’
1770 2663 2002 2739 (servat
2044 2681 2187 2725 eam
2233 2680 2351 2724 ms,
2405 2662 2559 2725 bibl.
2615 2661 2799 2725 Vniv.
2853 2661 3089 2725 Paviae
3136 2661 3200 2725 in
3245 2660 3695 2726 Ticinensibus
3741 2661 4009 2739 XXXV,
4065 2662 4122 2741 3)
4177 2680 4475 2725 recense-

1229 2788 1332 2845 tur
1368 2780 1675 2845 ‘Cronica
1699 2781 2046 2845 Gothorum
2078 2788 2143 2845 et
2185 2781 2455 2845 aliorum
2488 2801 2732 2863 regum.
2799 2783 3132 2847 Volentem
3170 2832 3184 2845 .
3223 2830 3236 2845 .
3272 2832 3285 2844 .
3323 2802 3547 2865 pacem
3580 2781 3946 2846 custodiens
3977 2779 4468 2846 DCCCLXIII’.

1230 2900 1435 2984 prima
1479 2902 1673 2966 verba
1732 2900 2111 2985 principium
2157 2909 2307 2966 sunt
2350 2902 2716 2966 Geticorum
2761 2901 3088 2984 IordaniS‚
3142 2910 3464 2987 postrema
3511 2901 3657 2966 finis
3701 2900 4227 2985 Langobardicae
4273 2901 4475 2966 histo—

1228 3020 1365 3086 riae
1409 3021 1594 3086 Pauli
1642 3020 1913 3086 diaconi.

1400 3141 1697 3208 Treveris
1743 3142 1808 3207 in
1855 3142 1921 3207 S.
1961 3141 2293 3206 Maximini
2353 3142 2476 3207 fuit
2522 3143 2816 3208 volumen
2875 3143 3202 3208 continens
3264 3144 3500 3209 ‘Gesta
3560 3143 3893 3207 Getarum'
3954 3150 4118 3208 teste
4177 3143 4475 3225 catalogo

1229 3262 1369 3328 eius
1414 3262 1843 3329 bibliothecae
1887 3284 1969 3328 ex
2015 3263 2155 3328 cod.
2208 3264 2402 3327 Brux.
2457 3266 2623 3327 6833
2671 3264 2839 3328 edito
2885 3285 2925 3328 a
2973 3263 3442 3347 Reiffenbergio
3496 3267 3801 3326 armauit-c
3845 3266 3918 3325 de
3963 3267 4028 3327 la
4074 3266 4215 3328 bibl.
4269 3266 4474 3345 νομοῖο

1228 3386 1302 3447 de
1347 3389 1627 3469 Belyique
1672 3389 1733 3468 3,
1791 3389 1929 3449 124.

1400 3505 1968 3590 Weihenstephani
2013 3505 2080 3570 in
2125 3506 2514 3571 bibliotheca
2558 3506 2908 3570 secundum
2953 3507 3313 3588 catalogum
3361 3525 3531 3570 saec.
3584 3506 3708 3570 XII
3751 3505 3907 3587 (cod.
3962 3507 4208 3571 Monac.
4261 3509 4466 3568 21521

1229 3632 1293 3689 et
1336 3624 1484 3690 inde
1529 3627 1655 3691 Pez
1700 3627 1866 3691 thes.
1912 3632 1937 3689 1
1989 3626 2195 3710 praef.
2246 3647 2310 3710 p.
2364 3626 2567 3710 XXV)
2623 3625 2744 3690 fuit
2811 3626 3145 3691 ‘chronica
3190 3626 3530 3691 Iordanis'.
3633 3627 3696 3690 in
3757 3627 4205 3693 bibliothecam
4252 3628 4476 3692 Mona-

1231 3765 1486 3811 censem
1531 3746 1600 3811 id
1646 3748 1941 3812 volumen
1986 3768 2111 3812 non
2157 3748 2468 3831 pervenit.

1408 4127 1736 4192 Editiones
1781 4126 1988 4189 factae
2034 4133 2181 4191 sunt
2224 4146 2451 4191 esseve
2498 4126 2793 4191 dicuntur
2837 4126 2979 4189 hae.

1454 4252 1507 4310 1.
1560 4246 1925 4312 Geticorum
1986 4267 2127 4312 cum
2192 4247 2375 4311 Pauli
2436 4246 2701 4311 historia
2761 4246 3324 4329 Langobardorum
3385 4248 3716 4330 Augustae
3772 4248 4249 4312 Vindelicos-um
4312 4254 4470 4312 1515

1562 4371 1714 4415 cura
1759 4350 2034 4415 Conradi
2081 4351 2507 4415 an'rmGERl
2565 4353 2643 4432 (v,
2697 4369 2890 4434 supra
2934 4369 2997 4432 p.
3051 4349 3250 4428 LIX).

1448 4457 1507 4516 2.
1562 4453 1889 4536 utriusque
1948 4452 2149 4518 libelli
2206 4473 2347 4517 cum
2405 4452 2696 4538 Procopii
2758 4451 2937 4516 libris
2999 4451 3316 4518 historicis
3362 4449 3592 4517 Latine
3639 4454 3860 4518 versis.
3957 4454 4260 4518 Basileae
4314 4458 4465 4519 1531

1561 4578 1713 4623 cura
1759 4556 1947 4622 Beati
1990 4559 2312 4622 Rumam
2365 4559 2448 4634 (v.
2501 4577 2695 4640 supra
2740 4578 2803 4640 p.
2857 4555 3050 4638 LIV).

1445 4666 1505 4726 3.
1560 4661 1889 4745 utriusque
1949 4659 2155 4726 libelli
2215 4680 2357 4724 cum
2417 4659 2671 4725 Zosimo
2733 4659 3034 4743 Procopio
3080 4659 3363 4741 Agathia
3421 4660 3720 4724 Basileae
3775 4663 3981 4743 (1531)
4054 4681 4206 4724 cura
4251 4661 4476 4724 Lssvn-

1564 4783 1816 4830 anvn.
2760 4816 2770 4826 .

1446 4874 1505 4931 4.
1560 4868 1923 4934 Geticorum
1979 4876 2122 4954 post
2181 4866 2571 4934 Cassiodorii
2630 4887 2823 4950 opera
2882 4865 3149 4930 Parisiis
3219 4869 3377 4929 1579
3447 4866 3677 4947 (indice
3739 4874 3978 4931 mutato
4038 4868 4140 4932 vel
4203 4867 4475 4951 repetita

1559 4972 1835 5037 editione
1887 4976 2070 5036 1583.
2132 4974 2312 5036 1588.
2373 4974 2557 5054 1600)
2610 4990 2764 5034 cura
2811 4970 3169 5034 Fonnssnu.

1446 5081 1507 5138 5.
1559 5077 1983 5141 Romanorum
2040 5098 2166 5141 non
2225 5076 2614 5159 integrorum
2674 5074 2740 5138 in
2809 5075 3180 5139 SYLBvRGn
3245 5073 3654 5158 scriptoribus
3708 5075 3854 5139 hist.
3926 5076 4103 5138 Rom.
4199 5075 4475 5138 Franco-

1562 5177 1713 5243 furti
1764 5182 1948 5243 1588.

1453 5285 1512 5344 6.
1564 5281 1893 5364 utriusque
1939 5281 2142 5347 libelli
2188 5282 2304 5345 sub
2349 5282 2534 5346 titulo
2588 5280 2962 5345 ‘Iustiniani
3007 5280 3282 5363 Augusti
3329 5279 3620 5345 historia‘
3666 5300 3809 5343 cum
3855 5279 4158 5366 Procopio
4205 5288 4270 5345 et
4300 5282 4472 5362 Aga-

1564 5385 1702 5450 tbia
1748 5384 2045 5467 Lugduni
2098 5388 2260 5447 1591
2309 5406 2461 5449 cura
2506 5384 2786 5468 Simonis
2832 5385 2911 5449 G.
2963 5385 3170 5449 Silvii.

1447 5493 1510 5552 7.
1563 5487 1891 5572 utriusque
1952 5488 2155 5554 libelli
2215 5509 2357 5552 cum
2413 5487 2654 5552 Isidoro
2716 5494 2780 5551 et
2839 5489 3142 5571 Procopio
3202 5486 3498 5570 Lugduni
3562 5487 3942 5552 Batavorum
4014 5492 4169 5552 1597
4242 5488 4468 5570 (indice

1562 5599 1801 5658 mutato
1855 5595 2034 5674 1617)
2093 5613 2245 5657 cura
2290 5592 2780 5656 Bonaventurae
2827 5591 3182 5655 VVLCANH.

1448 5699 1509 5760 8.
1562 5696 1926 5761 Geticorum
1974 5717 2115 5761 cum
2162 5695 2553 5759 Cassiodorii
2599 5695 2899 5778 operibus
2945 5694 3247 5759 Aureliae
3293 5693 3710 5776 Allobrogum
3761 5698 3923 5758 1609
3996 5695 4222 5778 (denuo
4280 5699 4462 5759 1622.

1568 5802 1751 5862 1637.
1811 5804 1991 5865 1650.
2052 5804 2233 5883 1656)
2290 5819 2441 5864 cura
2487 5798 2658 5863 Petri
2706 5799 3016 5864 Bnossm.
