4882 6775
708 4912 763 5002 {³33

767 4925 791 5002 -ε

905 1673 1105 1716 lustinus

785 1496 807 1523 ‹-
833 1495 934 1525 ores
972 1485 1098 1526 adhi-

747 1537 800 1576 ιί
840 1538 884 1576 iu
922 1538 1098 1579 Geticis

1125 455 1318 519 XXX
2368 480 2371 483 >
2511 455 2972 510 PROOEMIVM.

1125 688 1240 764 gat
1282 701 1323 743 a
1369 680 1740 745 Marcellino
1785 681 2001 746 aliena
2045 688 2110 747 et
2151 701 2560 764 nequaquam
2604 680 2938 764 vulgaria,
2998 680 3193 745 immo
3255 700 3336 744 ex
3398 686 3580 764 parte
3627 700 3709 745 ex
3753 699 3880 744 uno
3925 680 4193 745 Iordane
4239 687 4392 746 nota

1129 808 1194 866 et
1240 822 1381 866 cum
1414 800 1615 865 Prisci
1661 801 1887 867 horum
1930 809 2285 886 temporum
2331 802 2759 883 enarratione,
2811 821 3002 883 quam
3049 799 3366 866 breviavit
3396 800 3719 884 Euagrius
3762 800 3913 865 hist.
3965 802 4123 866 eccl.
4176 804 4236 883 2,
4280 804 4382 882 16,

1126 921 1218 985 ita
1263 922 1627 1001 coniuncta,
1697 930 1767 987 ut
1809 921 2099 987 eiusdem
2144 922 2530 988 narrationis
2575 930 2840 1005 utraque
2887 920 3165 1005 epitome
3211 940 3356 986 esse
3402 919 3714 1001 videatur,
3784 942 3908 986 non
3971 921 4110 986 sine
4171 922 4388 1007 specie

1126 1042 1262 1106 veri
1316 1034 1596 1107 conicias
1655 1050 1975 1108 auctorem
2035 1042 2104 1108 in
2164 1043 2266 1107 his
2326 1051 2579 1127 praeter
2623 1040 2986 1108 consularia
3030 1040 3220 1104 etiam
3269 1040 3834 1106 Cassiodorianam
3882 1062 3960 1105 ex
4011 1042 4226 1106 Prisco
4272 1042 4390 1106 de-

1127 1169 1448 1245 sumptam
1493 1163 1922 1228 narrationem
1970 1163 2409 1246 usurpavisse.

2178 1504 2527 1556 AVCTORES
2571 1509 2644 1555 IN
2691 1507 2955 1554 GETICIS
3001 1508 3338 1554 ADHIBITI.

1306 1662 1355 1726 I.
1408 1662 1754 1727 Ponwmvs
1801 1664 2082 1727 TRons
2129 1663 2359 1727 citatur
2404 1682 2461 1727 c.
2513 1666 2573 1743 6,
2614 1664 2721 1725 48.
2780 1666 2875 1733 10,
2918 1665 3022 1741 61,
3074 1660 3420 1726 adhibetur
3464 1668 3799 1745 praeterea
3842 1683 3901 1725 c.
3954 1666 4014 1742 7,
4055 1667 4159 1725 50.
4209 1682 4265 1726 c.
4317 1664 4378 1726 8.

1129 1781 1210 1847 de
1270 1781 1648 1864 fragmentis
1708 1784 1809 1847 his
1869 1782 2215 1866 diligenter
2257 1789 2322 1848 et
2366 1782 2567 1867 perite
2613 1781 2777 1846 dixit
2820 1780 3126 1846 Alsredus
3173 1803 3214 1846 a
3261 1781 3643 1872 Gutschmid
3687 1782 3753 1845 in
3798 1781 4129 1846 annalium
4175 1782 4381 1847 Iahnii

1127 1903 1255 1967 vol.
1308 1906 1346 1964 2
1393 1904 1606 1987 suppl.
1666 1908 1946 1988 (1856s7)
2002 1925 2067 1987 p.
2111 1906 2486 1983 193-202,
2553 1910 2729 1968 ratus
2776 1902 3112 1966 Iordanem
3173 1908 3581 1967 auctoremve
3641 1901 3782 1967 eius
3842 1921 4025 1965 usum
4072 1922 4217 1967 esse
4260 1923 4383 1966 non

1126 2022 1409 2106 epitoma
1437 2023 1688 2106 Iustini,
1741 2023 1859 2089 sed
1904 2023 2044 2108 ipso
2074 2024 2308 2105 Trogo.
2404 2023 2641 2088 absunt
2685 2043 2842 2087 sane
2888 2023 2971 2086 ab
3004 2021 3249 2086 Iustino
3294 2041 3423 2085 non
3469 2022 3675 2085 solum
3723 2022 4030 2106 pleraque
4076 2022 4155 2086 de
4188 2022 4385 2086 Ama-

1125 2142 1388 2207 zonibus
1433 2164 1490 2208 c.
1543 2148 1578 2207 7
1629 2145 1867 2225 relata,
1933 2143 2102 2227 quod
2162 2148 2355 2227 caput
2402 2142 2887 2209 Gutschmidius
2947 2149 3147 2207 totum
3212 2142 3346 2206 fere
3391 2143 3603 2224 Trogo
3649 2141 3964 2219 vindicat,
4031 2143 4146 2208 sed
4190 2142 4378 2208 etiam

1124 2283 1290 2345 quae
1335 2263 1416 2327 de
1462 2265 1662 2328 Somo
1710 2264 2037 2329 Medorum
2084 2283 2236 2346 rege
2284 2284 2339 2328 c.
2393 2268 2455 2345 6,
2509 2266 2588 2325 47
2637 2263 3005 2328 traduntur:
3061 2270 3124 2327 et
3168 2270 3236 2327 ut
3282 2262 3459 2327 illius
3503 2262 3890 2328 narrationis
3936 2263 4113 2345 origo
4158 2284 4379 2347 parum

1123 2383 1391 2450 evidens
1437 2390 1569 2461 est,
1622 2384 1716 2448 ita
1761 2385 1942 2449 locus
1988 2385 2070 2449 de
2117 2385 2317 2448 Somo
2362 2405 2506 2448 cum
2551 2384 2804 2465 reliqua
2847 2383 3212 2447 narratione
3257 2382 3350 2447 ita
3395 2383 3790 2465 coniunctus,
3844 2376 3913 2447 ut
3957 2383 4220 2449 aliunde
4264 2384 4380 2448 ad-

1124 2513 1416 2589 sumptus
1463 2524 1607 2569 esse
1653 2524 1776 2568 non
1827 2505 2139 2569 videatur.
2221 2504 2632 2568 nihilominus
2679 2524 2821 2567 cum
2869 2502 3284 2587 compilatori,
3339 2524 3528 2585 quem
3576 2503 3885 2569 Iordanes
3932 2504 3996 2569 in
4041 2505 4377 2589 epitomam

1122 2625 1409 2708 redegit,
1476 2625 1681 2688 multa
1739 2630 1803 2689 et
1859 2625 2041 2689 varia
2098 2624 2336 2709 scripta
2381 2624 2635 2689 Graeca
2695 2622 3053 2708 patuerint,
3118 2622 3256 2687 fieri
3315 2628 3559 2706 potest,
3634 2631 3703 2689 ut
3745 2624 3911 2688 hanc
3953 2625 4378 2689 narrationem

1126 2766 1207 2810 ex
1254 2745 1503 2810 duobus
1548 2745 1913 2810 auctoribus
1962 2743 2270 2809 conflarit.
2366 2765 2402 2810 e
2448 2744 2761 2809 contrario
2806 2765 2970 2827 quae
3015 2743 3213 2808 habet
3256 2743 3564 2808 Iordanes
3608 2744 4043 2827 conspirantia
4088 2766 4227 2810 cum
4275 2747 4384 2809 Iu-

1126 2864 1457 2946 stinianiS,
1526 2884 1667 2929 cum
1713 2865 1780 2929 in
1825 2866 2017 2930 rebus
2062 2871 2197 2929 tum
2248 2865 2317 2930 in
2361 2865 2816 2929 vocabulorum
2862 2864 3258 2949 propriorum
3307 2864 3685 2948 corruptelis
3743 2866 3830 2946 (ut
3873 2871 4022 2930 sunt
4069 2869 4376 2949 Marpesia

1125 3006 1237 3069 pro
1286 2990 1611 3067 Marpessa
1658 3005 1714 3050 c.
1755 2988 1813 3067 7,
1853 2990 1934 3049 49
1982 2992 2047 3050 et
2102 2989 2328 3049 Vesosis
2376 3005 2490 3069 pro
2537 2988 2769 3047 Sesosis
2816 3004 2869 3048 c.
2925 2988 2985 3064 6,
3025 2986 3128 3067 47)
3187 2983 3450 3068 propius
3495 2983 3580 3049 ad
3627 2984 3787 3049 haec
3832 2985 4146 3051 accedunt
4189 3007 4376 3069 quam

1123 3125 1466 3170 accessura
1524 3105 1727 3169 fuisse
1790 3104 2095 3170 credibile
2152 3112 2284 3184 est,
2352 3105 2406 3169 si
2468 3103 2784 3187 integrum
2832 3105 3113 3187 Trogum
3162 3104 3539 3188 compilator
3582 3103 4005 3169 adhibuisset.
4101 3113 4376 3171 ceterum

1125 3225 1383 3310 saepius
1442 3232 1507 3290 et
1551 3225 1836 3290 Iustinus
1895 3232 1959 3290 et
2003 3226 2381 3309 epitomator
2425 3224 2877 3289 eius-Orosius
2921 3225 3013 3289 ita
3057 3225 3458 3308 reperiuntur
3502 3224 3691 3289 simul
3739 3224 4047 3307 adhibiti,
4116 3234 4183 3291 ut
4229 3247 4382 3291 cau-

1122 3347 1255 3412 tela
1298 3365 1459 3430 opus
1505 3345 1590 3411 sit
1631 3346 1698 3410 in
1744 3345 2064 3432 excerptis
2110 3365 2327 3412 eorum
2374 3344 2779 3432 separandis

1212 3465 1213 3468 ’
1295 3468 1380 3531 ΙΙ.
1431 3467 1812 3532 Vnnmmvs
1867 3468 2338 3550 (‘Mantnanus’
2388 3487 2444 3532 c.
2505 3472 2557 3548 1,
2612 3469 2714 3547 9);
2776 3472 2830 3548 1,
2884 3469 2947 3531 9.
3001 3472 3060 3550 5,
3116 3472 3222 3531 40.
3277 3472 3335 3547 7,
3392 3472 3496 3531 50.

1294 3589 1409 3652 III.
1481 3588 1729 3651 lelvm
1778 3607 1834 3652 c.
1887 3591 1945 3664 2,
2009 3592 2083 3651 10
2131 3588 2311 3652 citari
2360 3587 2711 3653 secundum
2759 3587 2966 3650 locum
3012 3586 3219 3651 Taciti
3265 3586 3355 3650 ibi
3402 3585 3773 3668 adlegatum
3821 3585 4074 3652 duabus
4120 3589 4376 3653 relatio-

1046 3690 1055 3698 *
1119 3708 1309 3772 nibus
1353 3708 1522 3772 male
1567 3708 1852 3772 confusis
1897 3714 2068 3772 recte
2113 3709 2339 3792 opinor
2383 3708 2606 3772 statuit
2651 3707 2954 3789 Sybelius
2999 3728 3062 3790 p.
3106 3711 3216 3769 14:
3272 3727 3390 3771 nec
3435 3706 3741 3770 credibile
3788 3712 3887 3771 est
3932 3707 4177 3772 Livium
4228 3729 4373 3773 vere

1120 3827 1450 3892 dubitasse
1496 3827 1576 3891 de
1622 3827 1975 3908 Britannia,
2028 3827 2443 3892 continensne
2487 3827 2571 3891 sit
2613 3848 2696 3891 an
2742 3827 2979 3892 insula.

1293 3949 1405 4012 IV.
1473 3947 1743 4011 STRABo
1812 3948 2231 4012 ‘Graecorum
2278 3947 2512 4011 nobilis
2558 3947 2847 4032 scriptor*
2898 3967 2954 4011 c.
3006 3950 3066 4026 2,
3125 3949 3202 4008 12
3249 3946 3479 4012 cita-tur
3522 3946 3603 4012 de
3651 3947 3980 4012 Britannia
4026 3949 4375 4032 eodemque

1120 4043 1330 4152 capite
1376 4066 1618 4151 passim
1663 4066 2026 4133 adhibetur.

1293 4188 1371 4253 V.
1422 4188 1820 4252 Pompomvs
1865 4188 2066 4252 MELA
2111 4188 2346 4253 citatur
2374 4208 2430 4252 c.
2470 4192 2530 4270 3,
2577 4192 2674 4268 16,
2727 4185 3070 4252 adhibetur
3112 4186 3368 4252 nomine
3417 4208 3764 4272 suppresso
3813 4209 3926 4271 per
3969 4196 4166 4253 totum
4215 4210 4270 4252 c.
4309 4192 4368 4268 2,

1120 4308 1275 4372 item
1323 4328 1378 4372 c.
1430 4314 1491 4388 5,
1545 4313 1651 4372 44.
1703 4312 1807 4372 45.
1867 4312 1964 4390 12,
2021 4311 2125 4372 75.

1294 4429 1407 4492 VI.
1457 4429 1775 4493 chAnvs
1821 4449 1878 4493 c.
1930 4433 1991 4511 5,
2043 4432 2152 4493 43.

1294 4548 1436 4612 VII.
1489 4549 1824 4613 Iosm’nvs
1891 4548 2255 4613 ‘annalium
2303 4548 2541 4612 relator
2582 4548 2984 4613 verissimus'
3049 4569 3104 4613 c.
3156 4553 3217 4630 4,
3273 4552 3378 4614 29.
3472 4570 3616 4614 cum
3680 4549 4131 4615 Cassiodorius
4201 4549 4369 4633 (inst.

1120 4668 1253 4735 div.
1289 4668 1410 4734 litt.
1448 4688 1504 4733 c.
1548 4670 1643 4752 17)
1700 4668 2029 4733 monachis
2075 4668 2208 4733 suis
2255 4667 2656 4732 commendat
2685 4674 3009 4751 tamquam
3064 4672 3308 4752 ‘paene
3341 4670 3690 4735 secundum
3724 4670 4003 4734 Livium'
4051 4677 4117 4735 ct
4150 4670 4374 4734 Latine

1120 4809 1374 4854 versum
1419 4789 1749 4854 monachis
1794 4788 1929 4853 suis
1974 4789 2252 4873 reliquit.

1292 4909 1469 4973 VIlI.
1535 4910 1667 4974 D10
1720 4909 2209 4975 ‘celeberrimus
2254 4909 2523 4994 scriptor
2565 4909 2924 4975 annalium*
2982 4930 3037 4974 c.
3092 4914 3152 4991 2,
3215 4915 3286 4972 14
3337 4910 3566 4975 citatur
3610 4911 3691 4976 de
3736 4910 4071 4975 Britannia
4116 4909 4376 4975 eodem-

1065 5027 1089 5056 ⁰
1119 5049 1244 5112 que
1290 5029 1499 5113 capite
1544 5029 1700 5093 alibi
1744 5050 1995 5112 quoque
2039 5029 2382 5095 adhibetur
2427 5031 2510 5095 dc
2554 5032 2863 5095 Ravenna
2909 5050 2965 5095 c.
3018 5034 3123 5113 29,
3175 5035 3316 5096 151.
3393 5031 3565 5096 idem
3610 5030 3851 5096 auctori
3898 5037 3997 5095 est
4041 5030 4149 5113 qui
4196 5049 4253 5094 c.
4304 5033 4366 5108 9,

1122 5152 1200 5212 58
1248 5148 1548 5213 laudatur
1615 5149 1772 5213 ‘Dio
1832 5149 2170 5215 historicus
2231 5158 2295 5216 et
2352 5150 2801 5234 antiquitatum
2863 5150 3399 5234 diligentissimus
3443 5152 3811 5234 inquisitor,
3879 5150 3988 5232 qui
4034 5150 4210 5235 operi
4257 5170 4374 5213 suo

1129 5269 1394 5335 ‘Getica
1435 5269 1689 5334 titulum
1736 5269 1963 5352 dedit’,
2015 5271 2167 5336 item
2214 5292 2270 5336 c.
2308 5278 2368 5353 5,
2408 5277 2492 5335 40
2549 5273 2702 5336 ‘Dio
2749 5271 2858 5355 qui
2904 5271 3208 5336 historias
3249 5273 3638 5357 (Gothorum)
3693 5272 4092 5353 annalesque
4124 5269 4369 5334 Graeco

1125 5390 1307 5455 ‘stilo
1367 5391 1767 5475 composuit'‚
1834 5390 1987 5455 item
2033 5413 2091 5455 c.
2149 5396 2246 5472 10,
2304 5396 2383 5456 65
2452 5392 2610 5457 ‘Dio
2671 5391 3038 5458 historicus'
3100 5394 3388 5458 scribens
3448 5392 3529 5457 de
3576 5391 3807 5457 Odessi
3869 5389 4239 5471 obsidione,
4308 5396 4375 5454 ut

1118 5511 1410 5576 Similiter
1453 5510 1544 5576 ait
1588 5511 1857 5576 Suidas:
1923 5512 2080 5575 Δίων
2127 5508 2158 5574 ὃ
2209 5507 2476 5584 Κάσσιος
2520 5512 2933 5599 χρηματίσας,
2987 5509 3019 5577 ὃ
3068 5515 3315 5598 ἐπίκλην
3363 5508 3668 5597 Κοκκήιος
3727 5511 3803 5594 (οἳ
3851 5511 3915 5575 δὲ
3964 5506 4360 5596 Κοκκηιανός)

1121 5683 1134 5696 .
1178 5685 1191 5697 .
1231 5682 1245 5695 .
1304 5627 1567 5704 Νικαεύς
1618 5680 1631 5693 .
1677 5682 1689 5695 .
1735 5681 1747 5693 .
1800 5630 2025 5719 ἔγραψε
2071 5629 2422 5718 Ῥωμαικὴν
2486 5634 2744 5720 ἱστορίαν
2806 5636 2867 5698 ἐν
2920 5634 3169 5720 βιβλίοις
3213 5630 3270 5696 π’
3327 5684 3339 5696 .
3383 5682 3397 5696 .
3443 5684 3454 5696 .
3510 5628 3813 5719 Περσικά,
3881 5627 4093 5696 Γετικὰ
4139 5627 4365 5695 ἐνόδιοι.

1116 5752 1230 5817 sed
1277 5752 1642 5817 Geticorum
1689 5752 1917 5817 librum
1966 5761 2096 5818 tam
2130 5752 2574 5818 Cassiodorius
2619 5775 2807 5836 quam
2843 5753 3079 5818 Suidas
3125 5753 3292 5817 male
3338 5752 3693 5817 tribuerunt
3724 5751 3950 5817 Cassio
3981 5751 4173 5816 Dioni
4222 5772 4372 5816 cou-
