4882 6775
2047 510 2384 567 ROMANA.
3761 516 3781 574 1
3799 513 3838 574 9

147 714 338 757 Florus
381 718 421 765 ¹.
454 718 517 767 ¹8.
545 717 570 757 ⁶
598 702 771 768 dictu
832 692 1279 770 contumeliam
1334 704 1610 769 violant:
1682 710 1748 769 et
1804 703 1952 769 hinc
1996 682 2260 769 bellum.
2357 702 2475 768 sed
2517 710 2867 787 apparatus
2911 701 3264 783 horribiliS,
3332 716 3475 766 cum
3520 707 3613 767 tot
3659 700 3849 765 simul
3891 700 4013 762 153

594 806 815 895 populi
874 828 987 892 pro
1032 806 1399 873 Tarentinis
1460 814 1918 891 consurgerent
1977 807 2398 891 omnibusque
2443 806 2882 872 vehementior
2925 806 3196 890 Pyrrus,
3265 804 3374 886 qui
3428 803 3851 887 semigrecam

596 929 677 974 ex
721 909 1212 976 Lacedemoniis
1274 910 1705 975 conditoribus
1765 910 2089 975 civitatem
2150 908 2590 975 vindicaturus
2650 929 2791 974 cum
2837 909 2988 975 totis
3032 907 3276 973 viribus
3320 907 3523 992 Epyri
3566 907 3853 973 Thessa-

594 1013 723 1079 liae
768 1012 1186 1079 Macedoniae
1245 1013 1713 1097 incognitisque
1769 1014 1838 1078 in
1894 1014 1965 1079 id
2021 1019 2275 1097 tempus
2334 1012 2639 1078 elefantis
2698 1011 2859 1076 mari
2914 1019 3087 1077 terra
3145 1011 3302 1076 viris
3370 1011 3554 1092 equis
3621 1010 3839 1090 armis,
3887 1027 3910 1066 ⁴

473 1140 511 1170 e·
542 1131 564 1170 ⁷
595 1115 813 1182 addito
870 1117 1138 1202 insuper
1196 1116 1476 1183 ferarum
1535 1122 1775 1183 terrore
1833 1116 2154 1182 veniebat.
2251 1115 2426 1201 apud
2470 1115 2806 1181 Eracleam
2853 1114 3247 1199 Campaniae
3301 1112 3694 1197 fluviumque
3742 1114 3852 1178 Li-
3894 1113 4012 1173 154

596 1239 730 1284 rem
774 1220 1059 1286 Laevino
1104 1240 1276 1286 cons.
1330 1221 1535 1306 prima
1580 1241 1834 1305 pugna,
1906 1240 2032 1301 que
2077 1227 2208 1285 tam
2254 1227 2435 1284 atrox
2481 1218 2636 1302 fuit,
2690 1226 2759 1285 ut
2796 1220 3196 1284 Forentanee
3240 1225 3487 1283 turmae
3530 1217 3851 1302 prefectus

596 1322 902 1388 Obsidius
961 1323 1252 1389 invectus
1309 1325 1379 1389 in
1435 1344 1653 1407 regem
1714 1323 2068 1389 turbaverit
2125 1323 2535 1406 coegeritque
2595 1322 2895 1407 proiectis
2951 1321 3319 1405 insignibus
3370 1321 3615 1405 proelio
3660 1339 3852 1385 exce-

476 1449 514 1480 c·
543 1440 568 1481 s
596 1424 770 1490 dere.
864 1432 1077 1491 actum
1124 1434 1295 1510 erat,
1348 1427 1473 1492 nisi
1517 1427 1783 1492 elefanti
1828 1446 2132 1492 converso
2178 1426 2244 1490 in
2290 1427 2657 1511 spectaculo
2701 1426 2876 1491 bello
2921 1423 3488 1510 procucurrissent.
3584 1444 3851 1506 quorum

595 1548 740 1593 cum
801 1531 1245 1614 magnitudine
1302 1537 1434 1595 tum
1498 1530 1901 1597 deformitate
1962 1536 2027 1595 et
2079 1550 2244 1595 novo
2303 1529 2496 1594 odore
2557 1528 2747 1594 simul
2803 1550 2881 1594 ac
2941 1528 3208 1594 stridore
3270 1526 3655 1593 consternati
3699 1526 3850 1610 equi

596 1652 740 1696 cum
785 1632 1147 1716 incognitas
1193 1633 1318 1699 sibi
1361 1634 1590 1699 beluas
1634 1634 1912 1717 amplius
1959 1655 2151 1717 quam
2199 1639 2381 1699 erant
2425 1632 2938 1718 suspicarentur,
2998 1632 3219 1714 fugam
3267 1638 3673 1714 stragemque
3720 1630 3850 1694 late
3894 1647 3951 1686 ιο

475 1760 515 1789 c·
545 1751 570 1789 ⁹
598 1734 932 1801 dederunt.
1027 1735 1094 1800 in
1139 1736 1380 1821 Apulia
1438 1737 1674 1802 deinde
1733 1737 1906 1821 apud
1963 1736 2270 1801 Asculum
2330 1736 2562 1800 melius
2622 1735 2993 1800 dimicatum
3054 1741 3153 1800 est
3197 1734 3389 1801 Curio
3433 1731 3852 1816 Fabricioque
3897 1732 4017 1793 155

597 1839 966 1905 consulibus
1008 1878 1093 1888 —
1136 1838 1267 1904 iam
1309 1840 1546 1925 quippe
1589 1846 1790 1906 terror
1831 1840 2166 1905 beluarum
2214 1840 2586 1905 exoleverat
2628 1845 2695 1904 et
2722 1838 2926 1904 Gaius
2957 1826 3291 1903 Numicius
3336 1844 3602 1919 quartae
3645 1836 3853 1919 legio-

451 1968 489 1995 e-
525 1958 570 1997 ¹⁰
596 1944 698 2008 nis
759 1950 1006 2010 astatus
1065 1943 1256 2009 unius
1314 1943 1712 2028 promoscide
1770 1943 2027 2008 abscisa
2086 1943 2247 2007 mori
2306 1962 2496 2027 posse
2549 1942 2777 2007 beluas
2820 1942 3210 2007 ostenderat.
3303 1942 3521 2024 itaque
3564 1938 3635 2003 in
3675 1938 3853 2023 ipsos

597 2047 733 2131 pila
793 2053 1101 2130 congesta
1159 2054 1307 2112 sunt
1365 2053 1430 2112 et
1487 2046 1555 2111 in
1613 2053 1820 2111 turres
1865 2046 2155 2111 vibratae
2201 2045 2378 2111 faces
2421 2052 2557 2110 tota
2599 2045 2878 2110 hostium
2923 2044 3188 2128 agmina
3232 2042 3607 2108 ardentibus
3652 2041 3853 2107 ruinis

597 2156 1004 2234 operuerunt.
1097 2170 1214 2216 nec
1275 2150 1444 2215 alius
1506 2149 1677 2214 cladi
1732 2149 1878 2214 finis
1937 2149 2061 2214 fuit
2117 2169 2306 2233 quam
2367 2169 2493 2213 nox
2554 2147 2883 2213 dirimeret
2939 2155 3423 2232 postremusque
3467 2144 3852 2228 fugientium
3895 2162 3953 2201 ¹⁵

452 2276 490 2305 e·
527 2267 566 2306 ¹¹
600 2273 711 2319 rex
763 2253 904 2338 ipse
966 2274 1009 2318 a
1067 2253 1453 2319 satellitibus
1497 2254 1761 2318 humero
1820 2253 2077 2318 saucius
2133 2252 2203 2317 in
2261 2253 2458 2317 armis
2518 2251 2679 2317 suis.
2710 2250 3075 2317 referretur.
3169 2249 3493 2315 Lucaniae
3553 2267 3855 2333 suprema
3895 2249 4015 2309 156

598 2376 817 2441 pugna
872 2356 1290 2439 Sybarusinis
1351 2376 1509 2439 quos
1568 2363 1801 2421 vocant
1854 2355 2137 2440 campis,
2204 2355 2478 2420 ducibus
2539 2354 2807 2420 hisdem
2851 2354 3084 2436 quibus
3145 2354 3475 2438 superine,
3544 2350 3663 2418 sed
3719 2357 3853 2417 tum

454 2484 492 2511 c·
529 2472 575 2513 ¹2
600 2466 733 2524 tota
761 2459 1049 2524 victoria.
1130 2460 1391 2539 exitum,
1447 2480 1636 2543 quem
1683 2458 1913 2524 datura
1955 2459 2159 2524 virtus
2204 2459 2345 2540 fuit,
2398 2477 2587 2523 casus
2633 2457 2835 2523 dedit.
2913 2477 3064 2522 nam
3108 2458 3428 2543 provectis
3471 2457 3539 2523 in
3584 2456 3853 2542 primam

597 2562 802 2637 aciem
863 2582 1084 2629 rursus
1143 2562 1445 2629 elefantis
1491 2584 1695 2650 *unum
1756 2584 1838 2628 ex
1898 2563 2000 2629 his
2059 2563 2306 2647 pullum
2352 2561 2568 2627 adacti
2610 2562 2678 2626 in
2722 2568 2917 2646 caput
2958 2561 3075 2627 teli
3121 2561 3337 2644 gravis
3380 2561 3546 2626 ictus
3592 2559 3848 2640 avertit,

598 2665 707 2746 qui
768 2686 911 2731 cum
962 2687 1079 2751 per
1137 2673 1419 2750 stragem
1479 2686 1736 2731 suorum
1795 2685 2128 2732 recurrens
2185 2666 2454 2731 stridore
2514 2672 2922 2749 quereretur,
2988 2673 3195 2731 mater
3251 2664 3517 2748 agnovit
3559 2670 3624 2730 et
3668 2662 3954 2745 quasi-20

452 2794 491 2822 c·
525 2784 571 2823 ¹³
598 2768 981 2852 vindicaret,
1049 2770 1287 2854 exiliit,
1352 2778 1486 2836 tum
1533 2771 1747 2835 omnia
1790 2770 1961 2835 circa
2004 2770 2191 2851 quasi
2236 2769 2498 2834 hostilia
2541 2768 2725 2852 gravi
2768 2770 2935 2834 mole
2980 2767 3381 2854 permiscuit:
3450 2787 3528 2832 ac
3571 2767 3664 2831 sic
3707 2786 3861 2832 eae-

599 2870 745 2937 dem
803 2872 1014 2956 ferae,
1079 2893 1205 2956 que
1262 2873 1533 2958 primam
1594 2874 1926 2939 victoriam
1987 2872 2424 2955 abstulerunt,
2505 2871 2855 2938 secundam
2913 2893 3134 2957 parem
3193 2872 3518 2954 fecerunt,
3598 2871 3854 2937 tertiam

453 3000 491 3029 c·
526 2990 571 3030 ¹⁴
601 2975 739 3041 sine
798 2977 1228 3042 controversia
1291 2977 1716 3044 tradiderunt.
1807 2998 1927 3043 nec
1995 2997 2146 3042 vero
2211 2983 2460 3041 tantum
2526 2976 2722 3041 armis
2789 2982 2854 3042 et
2916 2975 2986 3040 in
3053 2995 3311 3060 campe,
3385 2975 3502 3041 sed
3569 2974 3858 3040 consiliis
3898 2973 4016 3033 157

599 3084 664 3144 et
692 3078 866 3145 domi
911 3099 1110 3161 coque
1152 3079 1322 3145 intra
1365 3081 1590 3146 urbem
1636 3100 1778 3145 cum
1822 3101 1977 3164 rege
2007 3082 2204 3165 Pyrro
2251 3079 2623 3145 dimicatum
2668 3086 2785 3145 est.
2867 3080 3108 3163 quippe
3152 3087 3298 3164 post
3339 3079 3613 3164 primam
3656 3079 3858 3144 victo-

455 3206 494 3234 c·
528 3196 575 3235 ¹⁵
602 3185 760 3251 riam
804 3184 1134 3251 intellecta
1177 3185 1469 3249 Romana
1511 3184 1745 3250 virtute
1791 3184 2006 3250 statim
2054 3183 2425 3268 desperavit
2466 3183 2687 3265 armiS,
2741 3202 2938 3264 seque
2985 3183 3072 3248 ad
3116 3183 3300 3248 dolos
3346 3182 3632 3249 contulit.
3710 3204 3859 3248 nam
3898 3195 3960 3237 2⁵

593 3289 1008 3372 interemptos
1069 3286 1376 3352 cremavit
1431 3286 1848 3371 captivosque
1906 3285 2321 3368 indulgenter
2379 3286 2604 3352 habuit
2649 3292 2715 3352 et
2758 3285 2897 3351 sine
2943 3285 3148 3370 pretio
3193 3286 3472 3354 restituit
3514 3285 3858 3369 missisque

597 3391 835 3475 legatis
891 3391 962 3456 in
1019 3391 1241 3456 urbem
1301 3392 1473 3456 omni
1531 3389 1721 3455 modo
1780 3390 2047 3456 annisus
2094 3397 2227 3472 est,
2294 3397 2364 3456 ut
2407 3391 2577 3455 facto
2623 3389 2886 3456 foedere
2928 3389 2998 3454 in
3042 3387 3394 3455 amicitiam
3440 3389 3851 3474 reciperetur.

451 3516 489 3546 ο·
523 3505 572 3547 ¹⁶
599 3494 718 3561 sed
761 3501 827 3561 et
867 3495 1039 3560 bello
1085 3501 1152 3560 et
1192 3514 1352 3579 pace
1398 3502 1463 3560 et
1507 3494 1661 3559 foris
1706 3501 1772 3560 et
1815 3494 1988 3560 domi
2013 3514 2287 3560 ¹omnem
2331 3494 2400 3559 in
2444 3500 2693 3579 partem
2747 3495 3036 3559 Romana
3078 3493 3280 3559 virtus
3324 3500 3460 3559 tum
3507 3513 3577 3559 se
3622 3492 3858 3578 adpro·
3899 3490 4019 3551 158

594 3598 773 3665 bavit
829 3619 951 3665 nec
1005 3598 1138 3663 alia
1194 3598 1405 3682 magis
1465 3617 1657 3682 quam
1716 3598 2068 3664 Tarentina
2122 3597 2391 3664 victoria
2451 3596 2732 3664 ostendit
2789 3597 3011 3682 populi
3060 3597 3331 3664 Romani
3392 3596 3848 3677 fortitudinem,
3896 3609 3957 3651 2⁹

450 3721 487 3784 οξ
517 3710 570 3752 2⁶
597 3708 861 3767 senatus
921 3701 1307 3786 sapientiam
1328 3753 1343 3784 ,
1410 3700 1643 3767 ducum
1702 3699 2321 3784 magnanimitatem.
2359 3700 2384 3785 Η
2414 3720 2533 3767 nec
2586 3701 2758 3766 alius
2804 3699 3128 3785 pulchrior
3168 3700 3234 3764 in
3280 3701 3504 3766 urbem
3549 3705 3661 3765 aut
3706 3718 3856 3783 spe-
3900 3698 4018 3758 159

450 3825 490 3855 c·
517 3814 568 3855 ²⁷
597 3805 825 3871 ciosior
867 3804 1229 3889 triumphus
1287 3805 1571 3871 intravit.
1663 3810 1812 3870 ante
1870 3805 2041 3869 hunc
2101 3804 2272 3869 diem
2333 3804 2494 3869 nihil
2551 3810 2808 3889 praeter
2863 3823 3097 3888 pecora
3139 3803 3553 3885 Vulscorum,
3620 3822 3855 3885 greges

594 3907 994 3991 Savinorum,
1048 3916 1354 3993 carpenta
1398 3907 1752 3989 Gallorum,
1806 3907 2011 3973 fracta
2041 3907 2425 3972 Samnitium
2469 3928 2651 3972 arma
2697 3906 2988 3973 vidisset.
3075 3914 3209 3972 tum
3255 3913 3492 3988 autem,
3545 3905 3601 3971 si
3646 3904 3857 3990 capti-

592 4030 708 4076 vos
751 4011 1111 4096 aspiceres,
1169 4010 1436 4077 Molossi
1481 4010 1834 4076 Thessales
1876 4010 2264 4076 Macedones
2310 4009 2598 4076 Bruttius
2642 4010 2892 4094 Apulus
2934 4017 3128 4092 atque
3174 4010 3503 4075 Lucanus:
3573 4008 3630 4073 si
3673 4029 3855 4094 pom-

451 4135 492 4164 0·
519 4123 572 4165 28
598 4134 780 4200 pam,
840 4134 1068 4179 aurum
1112 4134 1396 4200 purpura
1439 4114 1629 4198 signa
1671 4112 1933 4180 tabulae
1980 4111 2498 4196 Tarentinaeque
2544 4111 2827 4178 diliciae.
2934 4112 3052 4178 sed
3094 4112 3257 4178 nihil
3300 4112 3608 4178 libentius
3650 4131 3857 4197 popu-

767 4462 821 4508 H
843 4461 888 4507 Ρ
912 4460 951 4504 V
969 4462 1013 4510 L
1052 4460 1319 4521 Freculfus
1349 4465 1392 4522 1,
1425 4465 1473 4524 4,
1510 4465 1571 4510 19
1599 4482 1661 4504 =
1691 4464 1757 4510 28
1795 4447 1842 4522 (2
1871 4461 2057 4521 Pyrrus
2080 4489 2151 4497 —
2176 4461 2205 4510 5
2232 4468 2450 4524 terror03
2493 4461 2523 4511 8
2547 4476 2756 4523 quorum
2779 4489 2849 4497 —
2877 4459 2936 4509 17
2964 4462 3225 4523 superius3
3266 4459 3333 4510 28
3358 4461 3487 4522 sed).

767 4615 789 4665 1
832 4618 969 4665 dictu
1006 4612 1383 4682 contumeliam]
1423 4617 1612 4678 Homo,
1656 4617 1995 4665 dictumeliam
2035 4615 2188 4678 HPL,
2232 4616 2423 4664 dictum
2459 4616 2645 4664 hellam
2695 4617 2735 4662 V
2984 4614 3014 4664 2
3053 4617 3253 4679 populis
3289 4615 3434 4664 HPV
3671 4627 3853 4676 pyrrus

591 4715 688 4751 om.
731 4701 773 4749 L
980 4701 1012 4750 3
1048 4702 1455 4751 lacedemonibus
1493 4702 1535 4749 L
1742 4702 2091 4750 uinditaturus
2131 4701 2174 4747 L
2403 4701 2432 4749 5
2470 4698 2678 4768 terrore]
2717 4709 2959 4751 terrarum
2996 4702 3039 4751 L
3266 4702 3298 4751 6
3335 4703 3495 4765 prima
3530 4714 3697 4763 pugna
3732 4696 3853 4766 que]

591 4790 852 4851 primaque
891 4803 1058 4851 pugna
1096 4789 1139 4836 L
1366 4790 1623 4837 forentane
1667 4789 1722 4852 V,
1765 4789 2105 4837 Ferentaneae
2144 4789 2321 4836 Floria
2553 4790 2682 4850 pret.
2722 4804 2811 4849 per
2846 4789 3189 4851 compendium
3223 4789 3335 4837 libri
3577 4788 3606 4837 7
3644 4782 3854 4852 proelio]

591 4875 720 4923 bello
759 4873 801 4921 L
1027 4873 1058 4923 8
1095 4876 1437 4937 spectaculum
1480 4876 1652 4922 Florus
1883 4873 1915 4923 9
1952 4889 2064 4922 cum
2103 4874 2450 4935 magnitudine
2490 4870 2624 4940 tum]
2665 4876 3063 4942 magnitudinem
3100 4882 3203 4923 tam
3238 4874 3282 4922 L
3494 4873 3771 4923 conternati
3815 4874 3858 4920 V

595 4959 657 5008 10
693 4962 792 5009 late
828 4974 925 5009 om.
972 4959 1014 5007 L
1226 4959 1284 5009 11
1325 4955 1531 5025 deinde]
1567 4961 1786 5022 denique
1822 4959 1866 5007 L
2080 4958 2141 5008 13
2178 4956 2493 5025 ostenderat]
2532 4962 2725 5023 Florus,
2769 4962 3054 5010 ostenderet
3088 4961 3201 5010 libri
3237 4966 3281 5008 et
3322 4962 3399 5010 Fr.
3442 4965 3643 5023 utroque
3680 4960 3783 5008 loco

591 5043 748 5112 ipsos]
784 5047 897 5096 libri
929 5051 975 5095 et
1013 5047 1152 5097 Frec.
1192 5061 1236 5095 c.
1280 5049 1363 5105 19,
1405 5046 1539 5107 ipsas
1577 5047 1754 5093 Florus
1790 5052 1836 5094 et
1877 5047 2010 5095 Frec.
2054 5063 2098 5096 c.
2141 5049 2206 5095 28
2456 5045 2517 5095 16
2554 5048 2878 5095 referreretur
2917 5047 2958 5095 L
3213 5046 3272 5095 17
3312 5061 3479 5109 pugna
3516 5041 3852 5111 sybarusinis]

596 5134 771 5181 Florus
804 5133 1038 5196 (Bamb.),
1082 5147 1251 5194 pugna
1286 5134 1484 5191 sybaros
1525 5133 1747 5194 (subaros
1777 5132 1834 5190 P,
1877 5134 2065 5181 sibaros
2091 5134 2151 5193 L)
2193 5135 2246 5180 in
2283 5133 2366 5180 his
2391 5133 2543 5192 PVL,
2585 5147 2778 5195 pugnas
2816 5135 2956 5182 baros
2993 5135 3045 5180 in
3082 5134 3162 5182 hle
3189 5133 3256 5194 H,
3296 5148 3469 5195 pugna
3504 5134 3597 5180 sub
3634 5133 3852 5180 arusinis

594 5219 766 5267 Floms
797 5219 961 5279 (Nax.)
1191 5219 1277 5266 sed
1314 5214 1444 5283 tum]
1482 5218 1658 5265 sedum
1699 5217 1741 5264 L
1990 5217 2051 5267 18
2089 5215 2263 5284 quem]
2300 5232 2399 5280 que
2435 5219 2480 5267 L
2724 5219 2789 5267 20
2825 5215 2964 5285 cum]
3000 5219 3120 5267 dum
3160 5218 3200 5266 L
3446 5217 3505 5267 21
3552 5212 3852 5283 uindicaret]

591 5305 844 5353 uindicare
881 5305 994 5353 libet·
1199 5301 1392 5370 exiliit]
1419 5303 1542 5350 ΗΡΩ
1555 5302 1651 5364 VL,
1696 5303 1883 5352 exiluit
1907 5291 2172 5353 P⁶R0m³
2381 5307 2527 5366 quasi
2565 5306 2691 5353 circa
2728 5304 2770 5352 V
2973 5302 3199 5372 eaedem]
3234 5305 3404 5353 aedem
3433 5302 3542 5362 ΗΡ,
3587 5301 3758 5352 eadem
3787 5303 3845 5362 L,

593 5392 773 5439 udem
817 5391 1003 5454 (cedem
1039 5392 1117 5438 vel
1153 5391 1327 5439 eedem
1364 5377 1440 5450 Vb)
1485 5389 1548 5436 V⁴¹
1760 5388 1825 5438 22
1862 5391 2022 5451 prima
2051 5390 2091 5436 L
2300 5390 2363 5439 23
2403 5391 2790 5440 controuersiam
2817 5390 2966 5438 HPV
3170 5388 3363 5457 campo]
3403 5392 3579 5438 Florus
3610 5390 3845 5453 (Βακὰ),

592 5492 787 5540 campos
822 5477 950 5538 libri,
992 5477 1184 5537 campis
1225 5477 1358 5524 mor.
1394 5476 1555 5536 (Noa.)
1769 5474 1835 5524 24
1872 5481 1925 5523 et
1960 5476 2091 5524 domi
2131 5472 2310 5542 coque]
2349 5478 2412 5539 H,
2457 5482 2508 5524 et
2543 5477 2674 5525 domi
2712 5491 2907 5539 quoqne
2940 5477 3041 5538 VL,
3084 5482 3136 5525 et
3170 5477 3522 5538 dominicoque
3553 5476 3609 5535 P,
3653 5489 3851 5538 quoque

592 5569 647 5611 et
680 5564 811 5612 domi
849 5565 1026 5610 Florus
1258 5562 1324 5612 26
1360 5564 1696 5623 interemptus
1735 5561 1879 5609 HPV
2083 5559 2426 5628 indulgenter]
2465 5563 2523 5625 L,
2567 5563 2892 5623 indulgentes
2931 5564 3076 5610 HPV
3277 5563 3343 5612 30
3383 5577 3473 5610 nec
3509 5558 3661 5628 alius]
3699 5564 3851 5610 neka-

591 5651 692 5697 lius
727 5649 821 5697 PV
1027 5648 1333 5709 pulchrioror
1371 5646 1440 5694 1³⁰
1651 5649 1772 5695 urbe
1811 5647 1958 5695 HPV
2161 5649 2353 5708 specior
2389 5649 2432 5696 L
2677 5648 2742 5697 32
2780 5646 3098 5715 caninorum]
3134 5649 3246 5696 libri
3280 5655 3324 5697 et
3362 5649 3444 5697 Fr.
3660 5649 3850 5694 samni-

594 5740 700 5783 tum
741 5735 819 5783 Fr.
1033 5731 1269 5800 uidisset]
1304 5734 1431 5792 libri,
1475 5734 1688 5781 uidisses
1731 5733 1919 5795 Florus,
1962 5734 2206 5782 uiderunt
2243 5736 2327 5790 Fr.
2542 5742 2664 5784 tunc
2693 5734 2736 5781 J.
2944 5734 3007 5784 33
3046 5735 3295 5796 aspiceret
3329 5733 3372 5780 L
3579 5727 3851 5798 thessales]

595 5821 706 5867 libra·
740 5825 785 5867 et
826 5821 925 5880 Fa,
968 5819 1191 5866 Thessali
1237 5820 1408 5866 Florus
1617 5820 1832 5867 brattins
1874 5820 1968 5867 ΗΡ
1992 5821 2068 5868 Fr.
2105 5823 2184 5868 19.
2216 5821 2296 5882 28,
2340 5821 2559 5868 bractins
2601 5821 2656 5880 L,
2700 5822 2893 5869 bratius
2939 5821 2982 5867 V
3185 5819 3249 5868 34
3288 5819 3645 5880 arentinaeqnc
3686 5818 3729 5865 P

3361 5922 3432 5971 31
