4882 6775
1101 493 1167 552 11
1183 492 1219 552 2
2542 481 2901 538 IORDANIS

931 679 1049 744 XL
1097 686 1498 759 castrorum,
1549 696 1740 760 quam
1784 674 2091 760 plaustris
2135 656 2446 738 vallatum
2495 673 2805 755 habebat,
2873 674 3277 749 reclusisset3
3346 671 3643 753 quamvis
3702 669 3916 753 fragili
3951 668 4338 747 munimine,

1095 801 1171 846 eo
1215 788 1431 846 tamen
1477 780 1889 862 quaesierunt
1935 777 2290 843 subsidium
2339 777 2530 857 vitae,
2584 777 2818 858 quibus
2864 777 3059 861 paulo
3103 782 3252 840 ante
3296 776 3514 839 nullus
3559 780 3810 858 poterat
3851 771 4117 837 muralis
4148 791 4350 855 agger

924 887 1045 947 211
1098 884 1430 949 obsistere.
1526 882 1914 948 Thorismud
1959 888 2173 946 autem
2219 880 2391 963 regis
2436 876 2827 945 Theodoridi
2873 880 3078 960 filius,
3140 879 3250 962 qui
3295 898 3437 943 cum
3482 877 3668 943 Aetio
3712 878 3941 942 collem
3985 875 4347 959 anticipans

1093 987 1311 1052 hostes
1357 985 1437 1051 de
1485 987 1811 1070 superiore
1856 986 1996 1050 loco
2040 984 2547 1069 proturbaverat,
2601 982 2868 1048 credens
2916 1002 2986 1048 se
3032 983 3119 1048 ad
3161 982 3425 1065 agmina
3470 981 3726 1065 propria
3756 980 4112 1065 pervenire,
4165 985 4346 1043 nocte

1096 1110 1290 1156 caeca
1347 1090 1432 1154 ad
1487 1089 1764 1154 hostium
1826 1095 2126 1173 carpenta
2184 1087 2451 1170 ignarus
2510 1087 2791 1152 incurrit.
2889 1106 3079 1168 quem
3140 1086 3385 1152 sortiter
3429 1085 3792 1150 demicante
3832 1083 4094 1167 quidam
4141 1081 4347 1166 capite

1095 1194 1427 1259 vulnerato
1471 1211 1634 1276 equo
1681 1191 1934 1271 deiecit,
1990 1210 2373 1273 suorumque
2419 1190 2822 1273 providentia
2867 1190 3176 1255 liberatus
3221 1210 3261 1253 a
3303 1187 3664 1272 proeliandi
3707 1188 4055 1253 intentione
4088 1183 4340 1249 desivit.

928 1299 1053 1360 212
1100 1295 1324 1361 Aetius
1385 1315 1533 1360 vero
1593 1294 1887 1359 similiter
1945 1294 2150 1358 noctis
2211 1293 2583 1361 confusione
2643 1293 2890 1358 divisus
2950 1314 3090 1358 cum
3148 1294 3312 1357 inter
3377 1292 3594 1357 hostes
3660 1292 3911 1357 medius
3976 1299 4341 1374 vagaretur,

1096 1397 1404 1483 trepidus,
1458 1419 1537 1463 ne
1583 1397 1738 1481 quid
1780 1397 2117 1462 incidisset
2161 1396 2418 1461 adversi
2464 1396 2739 1475 Gothos,
2792 1396 3108 1478 inquiret,
3162 1395 3551 1478 tandemque
3597 1394 3683 1459 ad
3727 1394 3902 1460 socia
3948 1401 4160 1459 castra
4207 1414 4349 1477 per-

1095 1502 1395 1581 veniens,
1463 1501 1773 1566 relicuum
1834 1500 2036 1565 noctis
2099 1507 2415 1565 scutorum
2480 1500 2854 1565 defensione
2910 1500 3241 1581 transegit.
3338 1506 3595 1583 postera
3656 1497 3761 1563 die
3821 1499 3964 1563 luce
4017 1504 4154 1563 orta
4206 1517 4347 1562 cum

1093 1606 1442 1671 tumulatos
1502 1604 1929 1670 cadaveribus
1991 1624 2252 1687 campos
2311 1604 2675 1687 aspicerent
2733 1623 2852 1667 nec
2908 1603 3146 1668 audere
3191 1603 3460 1667 Hunnos
3513 1621 3882 1686 erumpere,
3949 1620 4132 1665 suam
4178 1601 4352 1666 arbi-

1092 1714 1335 1773 trantes
1382 1707 1709 1771 victoriam
1758 1708 2161 1789 scientesque
2193 1706 2460 1771 Attilam
2506 1726 2631 1770 non
2679 1706 2802 1770 nisi
2849 1727 3086 1789 magna
3130 1705 3313 1771 clade
3361 1704 3725 1770 confossum
3770 1705 3947 1770 bella
3976 1705 4342 1787 confugere,

1094 1830 1239 1876 cum
1283 1818 1497 1875 tamen
1543 1810 1633 1875 nil
1680 1818 1904 1893 ageret
1947 1811 2049 1874 vel
2096 1816 2454 1894 prostratus
2500 1809 2855 1889 abiectum,
2924 1808 3039 1873 sed
3087 1816 3378 1893 strepens
3425 1808 3652 1888 armis,
3714 1807 3886 1873 tubis
3932 1808 4207 1873 canebat
4247 1807 4351 1872 in-

1097 1913 1577 1996 cursionemque
1635 1914 2032 1993 minabatur,
2101 1913 2279 1976 velut
2335 1913 2438 1977 leo
2501 1912 2838 1977 venabulis
2900 1931 3203 1996 praessus
3262 1912 3609 1996 speluncae
3670 1910 3883 1975 aditus
3927 1911 4349 1976 obambulans

1097 2035 1217 2081 nec
1280 2016 1479 2081 audet
1543 2016 1877 2099 insurgere
1942 2036 2061 2080 nec
2129 2015 2383 2080 desinet
2451 2015 2827 2079 fremetibus
2888 2015 3100 2080 vicina
3157 2022 3426 2080 terrere:
3505 2014 3597 2078 sic
3653 2013 4179 2079 bellicosissimus
4237 2032 4349 2079 rex

929 2124 1053 2186 213
1102 2120 1375 2184 victores
1438 2139 1587 2185 suos
1646 2120 1945 2183 turbabat
2004 2119 2312 2184 inclusus.
2410 2119 2793 2183 conveniunt
2837 2119 3054 2201 itaque
3100 2118 3292 2182 Gothi
3339 2118 3734 2201 Romanique
3780 2125 3845 2182 et
3886 2117 4043 2199 quid
4086 2123 4354 2200 agerent

1097 2224 1177 2289 de
1241 2230 1539 2307 superato
1585 2223 1821 2303 Attila,
1893 2221 2272 2287 deliberant.
2370 2223 2585 2306 placet
2632 2242 2776 2286 eum
2826 2221 3157 2286 obsidione
3203 2220 3496 2304 fatigari,
3567 2221 3719 2303 quia
3764 2240 4057 2285 annonae
4103 2225 4350 2304 copiam

1097 2346 1225 2391 non
1268 2326 1585 2405 habebat,
1655 2325 1910 2407 quando
1957 2326 2038 2389 ab
2085 2325 2367 2408 ipsorum
2416 2325 2768 2407 sagittariis
2814 2324 2981 2390 intra
3028 2331 3211 2409 septa
3256 2332 3607 2389 castrorum
3651 2323 3883 2388 locatis
3928 2324 4166 2389 crebris
4211 2324 4354 2389 icti-

1098 2431 1219 2494 bus
1278 2436 1602 2494 arceretur
1660 2448 1979 2493 accessus.
2078 2426 2279 2492 fertur
2338 2434 2552 2492 autem
2613 2426 2973 2510 desperatis
3036 2427 3226 2491 rebus
3285 2426 3681 2511 praedictum
3740 2446 3956 2509 regem
4017 2426 4232 2492 adhuc
4291 2435 4355 2492 et

1099 2552 1482 2616 suppraemo
1543 2532 2016 2613 magnanimem
2078 2529 2329 2613 equinis
2387 2531 2567 2594 sellis
2628 2529 3061 2595 construxisse
3106 2550 3332 2613 pyram
3379 2548 3685 2612 seseque,
3755 2529 3811 2593 si
3856 2528 4214 2595 adversarii
4256 2530 4356 2594 in-

1096 2642 1496 2718 rumperent,
1550 2633 1826 2698 flammis
1872 2634 2107 2698 inicere
2156 2633 2472 2712 voluisse,
2526 2653 2605 2697 ne
2652 2639 2763 2698 aut
2807 2633 3042 2715 aliquis
3090 2634 3228 2697 eius
3274 2633 3537 2698 vulnere
3583 2632 3931 2697 laetaretur
3973 2641 4084 2698 aut
4128 2633 4195 2697 in
4241 2654 4357 2718 po-

1102 2745 1336 2804 testate
1382 2737 1656 2802 hostium
1703 2744 2021 2801 tantarum
2067 2736 2354 2819 gentium
2403 2735 2697 2800 dominus
2745 2737 3125 2820 perveniret.

730 2845 883 2910 XLI
928 2848 1054 2908 214
1273 2841 1510 2905 Verum
1553 2840 1722 2904 inter
1765 2839 1884 2903 has
1931 2838 2335 2902 obsidionum
2381 2859 2593 2903 moras
2640 2839 3046 2922 Vesegothae
3095 2859 3333 2922 regem,
3386 2837 3481 2902 fili
3527 2848 3773 2922 patrem
3820 2839 4185 2921 requirunt,
4237 2841 4358 2905 ad-

1102 2945 1406 3009 mirantes
1453 2943 1591 3007 eius
1637 2941 2033 3023 absentiam,
2104 2942 2256 3006 (lum
2302 2941 2580 3007 felicitas
2626 2942 2820 3008 fuerit
2865 2944 3232 3008 subsecuta.
3325 2962 3595 3024 cumque
3642 2942 3879 3008 diutius
3926 2944 4349 3027 exploratum,

1103 3055 1173 3113 ut
1218 3046 1371 3111 viris
1418 3046 1689 3111 sortibus
1734 3064 1870 3109 mos
1917 3053 2048 3115 est.
2101 3045 2267 3109 inter
2313 3044 2701 3110 densissima
2746 3047 3066 3110 cadavera
3111 3046 3581 3130 repperissent,
3637 3047 3930 3112 cantibus
3976 3047 4356 3112 honoratum

1275 3324 1395 3372 ΗΡ
1427 3324 1600 3371 VLA
1632 3322 1815 3369 ΟΒΧ
1846 3322 2014 3381 (ΥΖ).
2093 3322 2282 3371 Paulus
2320 3324 2354 3371 l.
2398 3338 2438 3369 c.

1280 3464 1298 3513 1
1344 3477 1491 3525 quam
1527 3476 1577 3523 p.
1621 3458 1886 3527 uallatum]
1913 3461 2073 3516 HPV.
2118 3475 2266 3522 quam
2304 3475 2354 3521 p.
2396 3463 2635 3509 uallatam
2674 3461 2734 3516 L,
2776 3475 2902 3522 quae
2940 3476 2990 3523 p.
3034 3463 3215 3509 uallata
3254 3462 3492 3510 AOBXY
3699 3459 3955 3529 quamuis]
3992 3478 4040 3524 q.
4071 3464 4207 3511 enim
4245 3465 4291 3510 A

1102 3551 1269 3611 fragili
1308 3551 1591 3598 munimine
1635 3549 1934 3607 (munitione
1976 3549 2029 3603 L)
2075 3543 2156 3613 eo]
2195 3549 2367 3608 fragile
2406 3549 2664 3595 munimen
2703 3562 2819 3595 eum
2862 3547 2920 3604 Ο,
2962 3549 3139 3608 fragile
3177 3551 3544 3597 munimentum
3582 3548 3627 3595 Β
3869 3548 3897 3597 2
3937 3550 4160 3597 subsidio
4204 3549 4292 3596 OB

1101 3637 1274 3684 nullus
1309 3648 1406 3682 om.
1438 3634 1512 3682 A‘
1755 3635 1961 3681 mularis
1998 3648 2114 3693 ager
2156 3633 2212 3695 Ο,
2258 3636 2407 3681 mulis
2445 3649 2593 3694 agger
2630 3633 2708 3680 pa
2983 3635 3012 3682 3
3053 3637 3284 3683 resistere
3323 3635 3382 3698 L,
3425 3637 3735 3683 obsistenere
3778 3635 3819 3682 O
4061 3632 4362 3702 thorismud]

1101 3722 1308 3783 HPVL,
1352 3720 1664 3770 thorismund
1708 3719 1905 3778 ΟΒΧῩ,
1948 3721 2215 3768 thorismut
2255 3722 2330 3768 A:
2371 3721 2671 3769 Torismund
2711 3721 2997 3768 Theodoriti
3035 3723 3171 3770 filius
3210 3722 3398 3769 Paulus
3436 3725 3499 3769 14
3537 3717 3670 3788 [15]‚
3714 3728 3773 3775 4,·
3814 3721 4166 3770 Turismodum
4203 3722 4365 3769 Theo-

1102 3808 1263 3857 doridi
1299 3809 1429 3867 regis
1465 3808 1720 3855 interfecti
1758 3807 1917 3853 fllium
1961 3806 2218 3865 Freculfus
2257 3807 2306 3864 ⁴2,
2350 3809 2399 3860 5.
2448 3811 2507 3856 u
2753 3803 2947 3872 autem]
2985 3809 3118 3855 enim
3161 3808 3293 3855 XYZ
3516 3807 3794 3855 theoderidi
3829 3808 3976 3865 VXY,
4017 3808 4257 3855 teoderidi
4295 3809 4358 3866 A,

1104 3894 1373 3942 theodoriti
1409 3893 1452 3939 Β
1488 3907 1602 3941 cum
1632 3892 1817 3950 Paule,
1859 3892 2136 3940 theodereti
2180 3891 2221 3938 Ο
2430 3893 2607 3941 collem
2645 3889 2951 3958 anticipans]
2989 3893 3240 3953 AOBXY‚
3281 3895 3695 3954 collemancipans
3733 3894 3920 3942 HPVL
4129 3895 4159 3943 4
4196 3894 4366 3942 hostes

1104 3977 1190 4047 de]
1226 3981 1369 4029 hoste
1408 3981 1453 4027 A
1680 3975 1961 4044 superiore]
1998 3978 2248 4040 HPVXY,
2292 3981 2536 4040 superiori
2576 3979 2761 4027 LAOB
2984 3976 3387 4046 proturbauerat]
3430 3980 3568 4027 OBX
3579 3981 3629 4040 Y,
3670 3981 4023 4030 deturbauerat
4058 3981 4294 4030 HPVLA

1105 4067 1316 4115 credens
1352 4080 1448 4115 οηι.
1478 4064 1550 4112 Β“
1830 4065 1859 4112 5
1897 4064 1959 4111 ad
1995 4078 2091 4112 om.
2123 4064 2266 4112 AXY
2522 4068 2775 4126 carpentis
2819 4065 2876 4128 Ο,
2922 4071 3164 4130 cappenta
3205 4067 3245 4113 B
3504 4063 3808 4133 demicante]
3844 4066 4003 4124 HPV,
4043 4067 4364 4115 dimicantem

1108 4152 1396 4202 LAOBXY
1623 4151 1654 4200 6
1692 4152 2014 4198 euneiecit
2057 4153 2200 4211 (equo
2237 4152 2421 4200 deiecit
2446 4149 2550 4213 112)
2593 4151 2690 4212 11¹,
2734 4165 2890 4213 eoquo
2926 4153 3108 4200 deiecit
3148 4152 3190 4199 Ο
3414 4166 3512 4214 que
3548 4166 3643 4201 om.
3681 4151 3722 4198 Ο
3945 4155 4218 4216 prudentia
4252 4158 4296 4201 A

1105 4238 1355 4303 preitendi
1396 4236 1438 4283 Ο
1716 4235 1926 4303 desiuit]
1964 4236 2303 4298 ΡΫΑΒΧΥΖ,
2349 4237 2549 4285 deseuit
2589 4238 2645 4298 L,
2688 4237 2885 4285 desinet
2929 4237 2988 4300 Ο,
3031 4240 3216 4287 denisit
3250 4239 3305 4286 H
3579 4239 3605 4287 7
3645 4239 3784 4286 aeius
3827 4238 3869 4286 Ο
4147 4237 4368 4306 medius]

1111 4323 1405 4382 PVLAXY,
1446 4323 1644 4371 medius
1681 4324 1879 4371 medius
1915 4323 1983 4380 H,
2026 4325 2215 4371 medios
2260 4323 2350 4370 OB
2584 4329 2846 4372 uacaretur
2889 4325 2930 4372 Ο
3177 4324 3207 4375 8
3242 4326 3514 4374 incedisset
3556 4325 3597 4372 O
3823 4325 3994 4384 gothos
4039 4327 4369 4387 (uuisigothos

1110 4410 1260 4469 XYZ)
1305 4412 1528 4471 inquiret
1570 4410 1805 4470 (inquirit
1842 4406 2115 4475 LAXYZ)]
2152 4410 2316 4468 gothis
2355 4412 2614 4472 inquirens
2660 4410 2748 4458 OB
2974 4424 3072 4473 que
3109 4426 3207 4461 om.
3240 4412 3284 4459 A
3529 4410 3560 4460 9
3597 4408 3864 4477 relicuum]
3900 4411 4007 4470 ΗΡ,
4049 4412 4259 4461 relicum
4301 4413 4362 4472 Ο,

1110 4498 1352 4558 reliquam
1381 4496 1441 4556 X,
1483 4496 1734 4555 reliquum
1771 4497 1857 4544 rel.
2077 4495 2138 4543 10
2176 4497 2454 4544 tumulatos
2491 4491 2627 4561 cad.]
2664 4496 2766 4543 ΗΡ
2780 4496 3024 4558 VAXYZ,
3064 4503 3139 4545 tot
3161 4498 3265 4546 cad.
3298 4497 3357 4558 L,
3400 4498 3722 4546 cadaueribus
3748 4497 3922 4559 plenos
3955 4497 4045 4544 ΟΒ
4255 4497 4370 4567 nec]

1110 4597 1175 4631 ne
1200 4581 1246 4628 B
1454 4580 1699 4629 auderent
1722 4581 1886 4630 hunos
1910 4584 2197 4643 inrumpere
2224 4584 2268 4629 A
2478 4579 2802 4648 arbitrantes]
2840 4583 3142 4631 arbitrantur
3167 4598 3278 4632 esse
3311 4585 3354 4631 B
3568 4582 3622 4632 11
3665 4579 3972 4649 confossum]
4009 4583 4112 4631 ΗΡ
4125 4583 4362 4643 VLAXY,

1110 4669 1375 4716 confusum
1408 4666 1513 4727 OB,
1556 4668 1836 4715 confessum
1864 4668 1905 4713 Z
2113 4665 2404 4733 confugere]
2443 4667 2792 4728 HPVLXYZ,
2836 4670 3113 4717 confusisse
3151 4667 3240 4729 13⁰,
3283 4671 3568 4729 corifugisse
3604 4656 3686 4730 Bb,
3733 4671 3828 4717 iam
3866 4671 4057 4728 fugisse
4093 4669 4153 4733 Ο,
4193 4674 4369 4732 fugere

1112 4756 1193 4802 A:
1229 4755 1402 4802 malim
1437 4754 1675 4813 defugere
1922 4752 1983 4802 12
2023 4750 2160 4820 cum]
2196 4762 2251 4801 tu
2295 4753 2337 4800 Ο
2581 4749 2678 4819 nil]
2715 4755 2870 4802 nichil
2910 4755 3003 4803 LX
3012 4756 3051 4803 Y
3289 4756 3371 4803 uel
3407 4762 3584 4817 prostr.
3628 4752 3756 4822 abi.]
3792 4756 3935 4804 uelut
3970 4763 4249 4817 prostratus
4285 4766 4373 4806 aut

1109 4840 1359 4888 abiectum
1398 4853 1451 4886 se
1488 4839 1862 4888 demonstrabat
1899 4840 1943 4887 A
2158 4839 2219 4889 13
2256 4836 2423 4906 uelut]
2461 4840 2591 4888 sicut
2627 4843 2761 4888 enim
2789 4843 2832 4886 A
3043 4843 3275 4904 spelucae
3301 4842 3355 4888 H
3560 4843 3720 4890 aditos
3762 4842 3834 4889 0²
4049 4842 4109 4891 14
4147 4841 4369 4910 desinet]

1111 4925 1313 4984 HPVL,
1357 4925 1545 4973 desinit
1581 4925 1827 4974 AOBXY
2060 4922 2380 4992 fremetibus]
2418 4924 2578 4987 HPV,
2624 4927 2957 4976 frementibus
2998 4927 3053 4986 L,
3097 4929 3383 4976 fremitibus
3421 4928 3663 4976 AOBXY
3898 4930 4067 4977 uicina
4101 4936 4263 4977 terrae
4304 4930 4362 4988 Ο,

1112 5019 1296 5060 terrere
1332 5014 1499 5060 uicina
1535 5011 1580 5058 Β
1851 5012 1912 5062 15
1950 5014 2164 5061 uictores
2201 5027 2243 5061 s.
2284 5019 2321 5061 t.
2366 5014 2595 5061 inclusus
2637 5014 2869 5071 (inclusis
2909 5013 2968 5072 Ρ]
3010 5030 3051 5063 c.
3093 5016 3129 5061 i.
3173 5015 3309 5073 gothi
3344 5028 3438 5062 om.
3477 5014 3519 5061 Ο
3789 5013 3850 5062 16
3888 5015 4226 5064 deliberarent
4261 5017 4303 5064 L

1112 5099 1232 5159 quia
1255 5113 1298 5146 a.
1331 5093 1402 5163 c.]
1438 5101 1631 5159 scripsi,
1675 5100 1763 5159 qui
1789 5111 2013 5146 annonae
2040 5100 2228 5160 copiam
2256 5098 2655 5160 HPVLABXY,
2698 5114 2796 5161 que
2822 5114 2918 5148 non
2944 5114 3101 5162 aequo
3125 5103 3262 5161 piam
3293 5100 3334 5147 Ο
3551 5099 3609 5148 17
3649 5095 3866 5165 quando]
3903 5102 4138 5161 quoniam
4165 5103 4214 5150 X
4227 5103 4305 5150 YZ

1113 5185 1175 5231 ab
1209 5196 1306 5232 om.
1337 5182 1380 5230 L
1610 5181 1853 5250 ipsorum]
1891 5186 2054 5246 ipsius
2092 5185 2135 5231 Β
2345 5186 2598 5244 sagittatis
2634 5186 2676 5233 L
2887 5193 3053 5248 septra
3091 5187 3137 5234 Β
3343 5194 3586 5235 castorum
3625 5186 3666 5233 V
3909 5186 3969 5236 18
4008 5185 4201 5255 autem]
4237 5192 4369 5238 enim

1114 5269 1252 5317 ΧῩΖ
1460 5270 1736 5331 disperatis
1768 5270 1810 5316 Ο
2022 5266 2192 5336 rebus]
2229 5273 2282 5318 in
2309 5273 2457 5319 rebus
2491 5271 2580 5318 OB
2788 5274 3100 5334 praedictum
3125 5270 3315 5340 regem]
3351 5273 3659 5335 praedictum
3686 5272 3749 5331 L,
3787 5275 4073 5335 praedictus
4099 5288 4187 5324 rex
4214 5275 4309 5322 ΧΥ

1112 5355 1272 5404 adhuc
1310 5352 1383 5422 et]
1420 5363 1470 5404 et
1507 5355 1667 5404 adhuc
1695 5356 1832 5403 XYZ
2044 5356 2105 5405 19
2145 5353 2464 5423 suppl-semo]
2493 5358 2600 5419 ΗΡ,
2644 5372 2912 5422 suppremo
2947 5361 2996 5420 V,
3042 5362 3137 5408 sub
3170 5361 3333 5421 primo
3359 5360 3421 5420 A,
3466 5373 3698 5420 supremo
3733 5373 3842 5407 esse
3868 5359 3928 5419 L,
3970 5363 4023 5408 in
4060 5363 4373 5424 sup(p)remo

1121 5441 1308 5489 OBXY
1537 5438 1930 5508 magnanimem]
1966 5456 2193 5500 magnam
2230 5444 2382 5490 nimis
2420 5443 2519 5490 ΧΥ
2721 5446 3059 5507 inrumperint
3100 5433 3182 5508 0¹³,
3226 5447 3525 5508 inrumperit
3567 5444 3638 5492 Ο*ι
3880 5445 3946 5495 20
3983 5447 4095 5494 eius
4132 5461 4228 5494 om.
4258 5447 4313 5494 H

1114 5524 1386 5594 potestate]
1425 5527 1631 5589 HPVL,
1674 5533 1972 5588 potestatem
2012 5526 2294 5576 AOBXYZ
2561 5529 2619 5578 21
2664 5537 2917 5580 tantarum
2956 5533 3174 5580 hostium
3218 5531 3274 5595 Ο,
3317 5539 3570 5595 tantorum
3606 5532 3825 5580 hostium
3863 5531 3922 5591 Β,
3966 5537 4216 5581 tantarum
4262 5537 4368 5595 (om.

1115 5614 1352 5675 hostium)
1393 5613 1534 5661 11⁷2
1810 5614 2042 5662 dominus
2079 5628 2175 5662 om.
2208 5615 2250 5662 L
2528 5615 2593 5665 22
2631 5618 2928 5677 uesogothae
2966 5618 3008 5666 L
3287 5616 3385 5686 iili]
3419 5619 3499 5680 H,
3556 5619 3648 5667 filii
3686 5620 3777 5668 rel.
4059 5619 4298 5668 mirantes
4333 5620 4379 5666 A

1116 5699 1180 5748 23
1220 5701 1328 5748 eius
1365 5701 1643 5747 obsentiam
1685 5700 1744 5759 Ο,
1788 5702 1921 5748 enim
1960 5702 2236 5748 absentiam
2282 5703 2449 5760 (-tium
2476 5703 2544 5763 Χ)
2590 5703 2698 5764 KZ,
2741 5718 2858 5752 enm
2894 5706 3150 5752 absentem
3201 5705 3240 5752 Y
3443 5703 3508 5753 24
3545 5706 3642 5753 uiri
3685 5705 3727 5752 O
3934 5705 4231 5754 dentissima
4266 5707 4309 5754 Β

1115 5781 1379 5851 cadauera]
1418 5800 1614 5847 corpora
1651 5789 1694 5832 A
1905 5783 2220 5853 honoratum]
2258 5788 2527 5837 honoribus
2563 5789 2607 5835 A

4395 1623 4452 1664 10

4396 2141 4455 2181 15

4396 2655 4456 2697 20
