4882 6775
1057 501 1142 562 52
2317 496 2684 553 IORDANIS
2721 496 3058 552 ROMANA.

1053 707 1280 753 versae
1335 708 1452 773 per
1495 688 1803 754 Pacificos
1863 688 2121 753 Mauros
2182 695 2549 773 superatae,
2618 708 2748 751 una
2807 686 2913 752 die
2971 686 3193 777 decem
3251 694 3316 751 et
3373 695 3617 772 septem
3680 708 3898 754 eorum
3959 688 4318 772 praefectos

1055 792 1384 869 extincxit,
1436 811 1789 876 pacemque
1832 792 2025 857 totius
2071 790 2330 856 Africae
2374 791 2638 855 iubante
2686 790 2940 855 domino
2983 790 3379 874 impetravit.

893 897 1016 959 386
1226 893 1794 978 Langobardorum
1839 914 2020 977 gens,
2075 894 2250 958 socia
2279 894 2552 958 Romani
2599 894 2778 975 regni
2824 892 3242 977 principibus,
3295 898 3362 957 et
3390 892 3816 958 Theodahadi
3850 893 4084 958 sororis
4115 891 4312 957 filiam
4342 909 4461 950 mu.

1055 997 1249 1063 dante
1294 997 1419 1062 sibi
1460 996 1846 1082 imperatore
1889 997 1957 1061 in
2001 997 2405 1061 matrimonio
2451 998 2726 1080 iungens
2772 996 2909 1079 regi
2941 1016 3077 1076 suo,
3131 1001 3351 1061 contra
3382 996 3628 1059 emulos
3660 997 4086 1060 Romanorum
4118 996 4318 1081 Gepi-

991 1126 1016 1164 5
1056 1100 1175 1166 das
1235 1122 1365 1165 una
1421 1099 1527 1165 die
1584 1120 1806 1185 pugna
1866 1100 2208 1164 commissa
2264 1120 2483 1164 eorum
2543 1119 2709 1183 pene
2755 1106 2964 1164 castra
3009 1098 3325 1181 pervasit,
3391 1098 3881 1181 cecideruntque
3926 1119 4007 1163 ex
4051 1105 4318 1178 utraque

891 1210 1014 1271 387
1053 1210 1235 1288 parte
1279 1202 1560 1287 amplius
1604 1222 1696 1267 Lx
1741 1203 1952 1281 milia;
2017 1223 2137 1267 nec
2194 1189 2344 1288 par,
2411 1210 2481 1267 ut
2540 1203 2784 1283 ferunt,
2848 1202 3072 1266 audita
3132 1209 3232 1267 est
3275 1203 3342 1266 in
3388 1201 3621 1266 nostris
3664 1202 4056 1286 temporibus
4102 1223 4318 1285 pugna

1053 1328 1094 1371 a
1138 1306 1368 1372 diebus
1398 1305 1636 1371 Attilae
1678 1306 1746 1369 in
1791 1306 1923 1370 illis
1969 1305 2148 1387 locis,
2200 1312 2459 1389 praeter
2502 1305 2619 1369 illa
2661 1325 2826 1387 quae
2872 1312 3022 1369 ante
3066 1304 3234 1368 hanc
3278 1305 3635 1386 contigerat
3679 1324 3709 1367 s
3757 1304 3798 1368 b
3833 1304 4098 1368 Calluce
4137 1325 4307 1386 mag.
4378 1339 4413 1419 Η
4596 1310 4631 1401 g

1050 1410 1187 1474 mil.
1236 1409 1409 1474 idem
1455 1429 1597 1474 cum
1632 1409 1981 1493 Gepidas1)
2034 1416 2146 1473 aut
2189 1415 2362 1473 certe
2400 1408 2744 1472 Mundonis
2791 1428 2934 1472 cum
2981 1406 3210 1471 Gothis
3227 1410 3299 1490 2),
3352 1406 3419 1471 in
3467 1407 3699 1489 quibus
3714 1325 4055 1574 Dambobus
4100 1414 4319 1471 aucto-
4376 1414 4405 1493 lf
4460 1393 4577 1509 'ssi
4668 1388 4731 1500 5

988 1542 1014 1577 ι.»
1053 1531 1157 1578 res
1201 1510 1359 1577 belli
1404 1512 1648 1596 pariter
1693 1518 2100 1577 conruerunt.
4364 1490 4397 1591 [s

892 1624 1014 1685 388
1225 1614 1308 1679 Hi
1365 1622 1511 1679 sunt
1571 1632 1759 1679 casus
1803 1615 2131 1680 Romanae
2192 1614 2286 1679 rei
2341 1614 2642 1698 publicae
2701 1620 2914 1697 preter
2969 1611 3279 1677 instantia
3324 1612 3677 1678 cottidiana
3721 1613 4111 1695 Bulgarum,
4178 1614 4459 1676 An-10101.

1052 1719 1209 1784 tium
1255 1725 1320 1782 et
1366 1717 1832 1782 Sclavinorum.
1929 1738 2054 1799 que
2111 1718 2167 1782 si
2227 1717 2374 1799 quis
2435 1718 2600 1782 scire
2653 1717 2859 1801 cupit,
2927 1717 3198 1781 annales
3250 1716 3708 1797 consulumque
3754 1716 3982 1781 seriem
4029 1716 4320 1781 revolvat

1054 1822 1192 1886 sine
1252 1820 1512 1885 fastidio
1575 1820 2021 1904 repperietque
2081 1820 2345 1902 dignam
2404 1820 2605 1885 nostri
2663 1814 2969 1903 temporis
3026 1839 3160 1883 rem
3205 1819 3527 1902 publicam
3571 1819 3935 1902 tragydiae.
4032 1818 4316 1901 scietque

1053 1925 1225 1989 unde
1270 1931 1440 2005 orta,
1508 1923 1827 2007 quomodo
1870 1930 2094 2003 aucta,
2163 1923 2521 2005 qualiterve
2581 1923 2703 1989 sibi
2765 1930 3026 1987 cunctas
3070 1930 3278 1986 terras
3324 1921 3685 1986 subdiderit
3729 1929 3792 1986 et
3836 1922 4151 2003 quomodo
4195 1923 4317 1986 ite-

1051 2048 1193 2092 rum
1238 2047 1351 2093 eas
1396 2028 1480 2092 ab
1525 2026 1770 2109 ignaris
1816 2026 2166 2091 rectoribus
2210 2026 2521 2091 amiserit.
2616 2025 2787 2108 quod
2830 2032 2895 2091 et
2936 2044 3056 2089 nos
3099 2046 3212 2109 pro
3258 2032 3446 2110 captu
3488 2025 3733 2107 ingenii
3780 2026 4057 2090 breviter
4103 2026 4320 2108 tetigi-

959 2160 1014 2199 15
1053 2151 1218 2212 mus,
1270 2136 1587 2214 quatenus
1632 2130 1917 2212 diligens
1963 2131 2183 2194 lector·
2207 2129 2400 2195 latius
2445 2129 2573 2194 ista
2617 2129 2895 2212 legendo
2942 2136 3308 2211 cognoscat.

1101 2342 1884 2349 ἡκῆψῤ--ῇ-Μ

1230 2479 1282 2525 Η
1302 2478 1347 2525 Ρ
1379 2478 1478 2526 VS
1508 2476 1555 2541 (3
1599 2478 2022 2539 Langobardorum
2061 2504 2127 2512 —
2165 2476 2197 2526 9
2233 2478 2556 2538 conruerunt)
2590 2476 2653 2525 L.

1229 2633 1260 2682 2
1294 2635 1552 2696 inperauit
1600 2633 1679 2680 VL
1956 2633 1986 2680 3
2023 2633 2440 2692 langabardorum
2478 2632 2531 2677 H
2805 2630 2835 2678 4
2875 2631 3187 2678 matrimonia
3224 2632 3533 2691 coniungens
3572 2631 3613 2678 L
3878 2633 4082 2692 gebidas
4121 2632 4304 2679 HPVL

1055 2722 1084 2768 5
1121 2721 1490 2782 ceciderunque
1528 2721 1573 2767 P
1831 2719 1857 2766 7
1895 2720 2086 2767 attillae
2125 2719 2168 2765 P
2423 2713 2541 2782 illa]
2583 2717 2803 2765 HPVSL
3063 2724 3179 2764 ante
3218 2714 3369 2782 harre]
3404 2718 3495 2765 hac
3534 2717 3601 2764 La
3866 2720 4084 2777 magmil.
4127 2719 4203 2765 ide
4254 2718 4305 2777 V,

1057 2808 1166 2867 ma'g
1201 2808 1363 2853 milite
1401 2807 1465 2865 H,
1509 2789 1720 2865 maim—ff
1746 2806 1880 2853 idem
1922 2804 1979 2865 P,
2022 2790 2224 2866 magn-fi
2261 2805 2310 2851 id
2347 2810 2424 2851 est
2461 2804 2513 2861 S,
2561 2818 2735 2863 magno
2773 2805 2936 2851 milite
2975 2804 3020 2850 id
3060 2809 3137 2849 est
3175 2802 3218 2849 L
3464 2803 3493 2851 8
3532 2802 3735 2863 gebidas
3774 2803 3817 2850 L
4047 2802 4107 2852 12
4145 2810 4312 2863 tragy-

1052 2890 1189 2959 diae]
1231 2893 1338 2954 ΗΡ,
1381 2892 1623 2951 tragidiae
1670 2892 1752 2939 VL
1966 2890 2025 2939 13
2063 2891 2199 2939 horta
2241 2891 2290 2936 ΙΙ
2413 2878 2428 2884 ’
2497 2889 2558 2938 15
2598 2891 2808 2953 explicit
2846 2890 2954 2947 ΗΡ,
2998 2891 3206 2950 explicit
3242 2890 3446 2936 historia
3483 2903 3682 2936 romane
3720 2891 3792 2936 rei
3830 2890 4056 2951 publicae
4096 2888 4137 2934 L

1231 3151 1274 3213 l)
1316 3151 1489 3199 Galluc
1534 3152 1767 3211 magister
1815 3152 2033 3199 militum
2082 3163 2195 3197 cum
2233 3150 2440 3211 Gepidis
2478 3151 2692 3210 primum
2738 3151 2952 3197 feliciter
2987 3148 3229 3195 dimicans
3266 3149 3484 3196 secundo
3522 3149 3797 3196 infeliciter
3833 3150 3948 3195 ruit
3989 3147 4318 3195 continuator

1060 3235 1340 3284 Marcellini
1373 3252 1424 3287 a.
1470 3239 1592 3285 539.

1227 3321 1275 3384 2)
1318 3320 1390 3382 cf.
1434 3322 1698 3383 Procopius
1734 3321 1844 3370 beu.
1892 3321 2032 3370 Goth.
2075 3323 2119 3383 1,
2166 3324 2213 3372 7.
