4882 6775
1937 477 2397 533 PROOEMIVM.
3705 478 3790 542 LI

546 721 690 766 cum
736 701 966 784 reliqui
1011 703 1239 769 classis
1284 703 1532 789 primae
1578 702 1726 768 libri
1768 709 1881 768 aut
1923 722 2149 788 pamm
2196 701 2326 768 noti
2371 706 2589 767 essent
2629 706 2743 767 aut
2785 719 3044 785 prorsus
3085 700 3318 784 ignoti,
3371 700 3789 768 Ambrosiano

543 821 1004 904 quodammodo
1063 824 1485 909 principatum
1554 823 1838 890 delatum
1907 843 2087 899 esse;
2163 842 2310 887 nam
2377 822 2647 887 multum
2717 827 3005 906 praestat
3068 822 3419 887 recensioni
3483 822 3789 906 vulgatae

545 949 1016 1024 superstructae
1063 944 1222 1010 libro
1267 945 1520 1010 cuidam
1579 945 1820 1010 ordinis
1866 943 2152 1010 secundi.
2249 963 2318 1008 re
2362 963 2518 1008 vera
2575 942 2781 1008 locum
2827 942 3072 1007 nullum
3117 941 3184 1006 in
3230 942 3377 1008 crisi
3433 949 3628 1009 tenet.
3722 943 3790 1008 id

541 1061 750 1147 ipsum
797 1070 1014 1130 tamen
1059 1071 1130 1131 ut
1170 1065 1652 1149 intellegeretur
1694 1071 1760 1131 et
1803 1064 1993 1130 simul
2040 1084 2121 1129 ne
2181 1062 2486 1129 memoria
2544 1063 2909 1129 aboleretur
2961 1062 3355 1128 recensionis
3412 1063 3782 1147 peculiaris,

543 1182 879 1250 lectionem
925 1185 1330 1250 Ambrosiani
1373 1185 1690 1270 integram
1735 1185 1988 1251 admisi.

717 1306 1108 1370 VATICANVS
1152 1307 1468 1372 REGmAn
1526 1327 1591 1372 n.
1646 1309 1769 1371 639
1816 1307 2078 1371 membr.
2146 1323 2315 1369 saec.
2367 1304 2462 1368 XI
2507 1304 2750 1370 formae
2808 1303 3171 1368 octonariae
3243 1302 3633 1387 (inscriptum
3695 1310 3793 1370 est

549 1423 882 1490 ‘volumen
942 1424 1274 1491 CCXXXI
1334 1446 1458 1491 non
1517 1427 1608 1508 (Ἰ)
1677 1426 2147 1508 Petaviauum‘)
2217 1424 2496 1490 continet
2553 1423 2845 1488 Iordanis
2905 1423 3132 1489 Getica
3190 1444 3395 1506 neque
3452 1425 3790 1506 quiequam

542 1550 911 1628 praeterea:
963 1546 1179 1612 deficit
1219 1546 1286 1611 in
1331 1544 1455 1611 fine
1500 1546 1765 1611 mutilus
1794 1567 1859 1631 p.
1906 1547 2044 1628 138,
2083 1548 2165 1610 20
2205 1546 2455 1628 fortiori
2496 1546 2658 1609 duci.
2737 1550 2934 1610 totum
2980 1544 3246 1610 contulit
3274 1545 3580 1611 Pertzius.
3646 1565 3787 1611 cum

540 1664 734 1749 plane
780 1665 1136 1731 consentiat
1179 1686 1321 1732 cum
1367 1666 1810 1749 Ambrosian0,
1865 1666 2299 1732 examinatum
2343 1663 2573 1731 abieci.

711 1786 1241 1851 AvnAucnnusls
1287 1808 1350 1851 n.
1396 1791 1514 1851 154
1562 1787 1837 1871 scriptus
1880 1806 2052 1853 saec.
2090 1785 2253 1850 XIII
2296 1791 2573 1851 exeunte
2600 1785 2668 1849 in
2709 1785 3095 1851 monasterio
3127 1785 3194 1851 S.
3231 1785 3474 1851 Mariae
3506 1786 3588 1852 de
3617 1787 3789 1871 peri-

539 1905 685 1971 culo
746 1906 939 1971 maris
995 1906 1273 1973 continet
1316 1907 1636 1973 Victorem
1681 1907 2045 1988 Vitensem‚
2097 1905 2387 1971 Iordanis
2443 1905 2701 1988 Getica,
2772 1905 3030 1971 Gildam
3090 1906 3172 1972 de
3229 1905 3476 1973 excidio
3534 1907 3789 1972 Britan-

540 2024 724 2107 niae,
778 2025 1189 2092 Guilielmum
1234 2026 1583 2113 Appulum.
1677 2034 1847 2093 totus
1895 2027 2167 2092 collatus
2212 2032 2312 2092 est
2353 2048 2395 2091 a
2439 2025 2860 2092 Bethmanno.
2956 2047 3099 2092 cum
3158 2026 3244 2091 ad
3300 2047 3578 2112 unguem
3639 2048 3790 2094 con-

540 2145 775 2211 sentiat
818 2166 958 2211 cum
1006 2147 1254 2214 (luobus
1299 2148 1409 2231 qui
1455 2147 1851 2234 praecedunt
1888 2153 2100 2214 aetate
2145 2146 2692 2230 antecedentibus,
2743 2147 2952 2213 omisi.
3727 2222 3737 2232 ,

712 2267 1242 2333 BAMBERGENSIS
1302 2268 1465 2334 liber
1517 2269 1593 2333 E.
1646 2269 1762 2333 III.
1822 2273 1894 2332 14
1954 2267 2482 2333 membranaceus
2540 2287 2710 2333 saec.
2775 2267 2871 2332 XI
2929 2268 3095 2334 inter
3151 2288 3231 2334 ea
3287 2289 3454 2352 quae
3512 2268 3790 2336 continet
3815 2268 4155 2361 ξ’ξᾞξξζξζζζξξ

542 2386 744 2452 multa
802 2393 867 2453 et
922 2387 1105 2453 varia
1122 2392 1193 2472 ⁹⁰)
1263 2389 1456 2454 etiam
1514 2388 1805 2455 Iordanis
1852 2389 2165 2467 libellum,
2197 2393 2533 2470 utrumque
2591 2388 2820 2469 habet,
2888 2388 3007 2454 sed
3062 2390 3418 2455 Romanum
3478 2388 3790 2474 principio

543 2505 834 2572 mutilum
892 2507 1135 2591 (incipit
1178 2530 1241 2594 p.
1302 2514 1399 2590 16,
1454 2512 1493 2574 9
1539 2513 1740 2594 itaque
1783 2512 1943 2574 hunc
1987 2510 2194 2591 diem),
2246 2508 2519 2573 collatus
2564 2508 2748 2575 nobis
2792 2530 2834 2574 a
2876 2508 3175 2574 Waitzio.
3269 2510 3595 2594 specimen
3640 2509 3793 2575 dedi

542 2626 905 2693 Geticorum
950 2627 1411 2713 praefationem
1443 2636 1508 2695 et
1537 2650 1592 2695 c.
1632 2634 1669 2695 3
1702 2635 1768 2697 et
1797 2633 1878 2694 52
1899 2632 2002 2713 ⁰¹).
2083 2628 2191 2711 qui
2236 2629 2492 2712 scripsit
2534 2629 2790 2695 natione
2835 2635 2907 2695 ut
2947 2629 3201 2696 videtur
3227 2630 3432 2696 Italus
3461 2631 3791 2716 exemplar

540 2747 764 2814 habuit
807 2748 1093 2814 familiae
1137 2748 1417 2833 primae:
1469 2771 1618 2816 nam
1665 2750 2002 2816 diacritica
2047 2749 2288 2814 ordinis
2331 2748 2524 2833 primi
2567 2749 2823 2833 adsunt,
2874 2750 3109 2816 absunt
3152 2770 3318 2832 quae
3358 2751 3615 2836 proprie
3644 2759 3793 2818 sunt

540 2869 862 2934 secundae
905 2870 1213 2936 tertiaeve
1259 2870 1395 2937 sive
1439 2871 1607 2936 bona
1651 2871 1788 2937 sive
1835 2871 2007 2936 mala
2051 2869 2286 2935 omnia.
2383 2870 2671 2954 proxime
2715 2870 2966 2936 accedit
3022 2870 3110 2936 ad
3163 2871 3659 2938 Laurentianum
3679 2874 3782 2955 92).

537 2995 604 3055 at
646 2989 1191 3073 Bambergensem
1239 2990 1349 3073 qui
1392 2991 1700 3070 exaravit,
1754 2991 1991 3057 tradita
2035 2989 2157 3056 sibi
2202 2989 2498 3056 tractavit
2543 3010 2793 3057 summa
2837 2990 3128 3075 licentia,
3181 2997 3252 3057 ut
3293 3012 3418 3057 non
3464 2992 3788 3059 barbaris-

534 3129 675 3175 mos
719 3110 891 3175 solos
936 3111 1208 3193 tolleret,
1262 3110 1378 3177 sed
1437 3111 1616 3195 ipsas
1677 3131 1781 3177 res
1825 3111 1909 3177 ad
1955 3109 2207 3176 libitum
2251 3110 2639 3176 immutaret.
2731 3111 2823 3176 ita
2865 3111 2931 3176 in
2974 3111 3377 3196 praefatione
3421 3133 3535 3198 pro
3591 3117 3783 3177 Sena-

536 3234 683 3293 toris
732 3232 1136 3295 voluminibus
1182 3231 1509 3297 substituit
1552 3242 1923 3311 senatorum,
1976 3252 2123 3297 mox
2170 3252 2249 3297 ex
2288 3234 2510 3313 parvis
2557 3231 2711 3297 fecit
2752 3254 2871 3295 non
2924 3253 3132 3315 parva
3177 3239 3242 3298 et
3299 3232 3392 3298 sic
3452 3233 3780 3319 deinceps.

534 3371 576 3416 a
621 3350 768 3417 crisi
812 3350 1009 3435 igitur
1052 3352 1215 3419 liber
1264 3354 1459 3439 plane
1514 3351 1828 3419 arcendus
1889 3359 1986 3418 est
2043 3351 2477 3418 memorabilis
2535 3358 2793 3438 propter
2853 3352 3052 3419 solam
3114 3352 3581 3420 emendationis
3638 3375 3787 3440 per-

534 3492 760 3538 versae
817 3474 1180 3540 audaciam.
1274 3497 1339 3560 p.
1410 3478 1520 3555 17,
1575 3477 1653 3536 27
1713 3472 2050 3539 Iordanem
2112 3474 2411 3540 librarius
2471 3473 2880 3559 interpolavit
2935 3473 3225 3541 adhibita
3281 3475 3468 3541 Pauli
3525 3475 3788 3542 historia

538 3594 843 3659 Romana.
1880 3586 1905 3612 ⁶

542 3736 1357 3744 —mz

537 3845 541 3850 .
707 3802 791 3864 90)
832 3804 1084 3865 Exposuit
1118 3804 1181 3852 de
1219 3805 1281 3851 iis
1306 3804 1553 3852 Waitzius
1588 3806 1720 3864 apud
1761 3804 2022 3852 Pertzium
2047 3805 2228 3852 Archiv
2266 3803 2314 3867 9,
2347 3803 2466 3855 673.
2530 3818 2595 3852 ex
2632 3804 2722 3852 hoc
2757 3804 2884 3853 libro
2907 3804 3084 3852 Getica
3119 3806 3408 3855 adhibuisse
3430 3807 3785 3856 Ekkehardum

541 3887 904 3950 vraugiensem
941 3904 984 3939 c.
1026 3905 1071 3941 s.
1119 3889 1249 3939 1099
1286 3891 1417 3938 idem
1454 3892 1734 3939 observavit
1770 3890 1904 3941 Mon.
1945 3890 2114 3939 Germ.
2156 3891 2244 3940 SS.
2286 3891 2356 3939 VI
2393 3906 2445 3952 p.
2487 3891 2537 3939 5.

706 3974 790 4036 91)
831 3990 882 4037 p.
915 3975 997 4036 53,
1040 3977 1070 4024 3
1105 3978 1299 4026 uolente
1333 3991 1410 4024 me
1429 3991 1593 4037 paruo
1618 3976 1853 4024 subaectu
1876 3979 2072 4037 nauiyii
2095 4003 2164 4012 —
2182 3976 2213 4024 4
2240 3981 2411 4026 laxare
2435 4004 2505 4013 —
2529 3977 2558 4024 5
2585 3987 2791 4026 manum
2814 4005 2884 4014 —
2908 3977 2939 4025 6
2963 3973 3243 4026 senatoru'm
3265 4005 3333 4014 —·
3361 3979 3388 4027 7
3414 3982 3695 4044 actibusque
3716 4007 3786 4017 —

537 4064 583 4108 et
618 4074 751 4121 reyes
775 4061 1114 4110 descendentes
1147 4090 1216 4098 —
1253 4062 1283 4111 8
1321 4065 1527 4124 imperia
1564 4076 1662 4111 om.
1689 4088 1758 4097 —
1782 4078 1831 4125 p.
1863 4062 1948 4124 54,
1989 4062 2019 4111 2
2056 4065 2331 4112 seruiamus
2365 4090 2434 4099 —
2472 4063 2502 4110 3
2538 4066 2754 4112 mencior
2788 4091 2854 4098 —
2890 4063 2921 4112 4
2956 4069 3070 4112 ante
3105 4064 3221 4112 haec
3243 4091 3312 4099 -
3350 4080 3559 4127 quonam
3593 4080 3689 4115 om.
3716 4094 3786 4102 —

533 4147 701 4206 factas
735 4173 804 4182 -
841 4148 873 4196 6
903 4151 1131 4210 plurima
1165 4177 1232 4187 —
1269 4149 1456 4197 dicione
1489 4175 1560 4184 —
1596 4146 1626 4196 8
1664 4164 2051 4197 commemorans
2350 4165 2403 4211 p.
2446 4149 2528 4212 57,
2575 4149 2634 4199 17
2672 4151 2898 4199 scanciae
2933 4157 2983 4198 et
3019 4151 3091 4198 sic
3127 4150 3369 4213 deinceps
3416 4152 3682 4214 aliquoties
3717 4180 3786 4188 —

535 4230 684 4299 quod]
734 4247 874 4296 quem
920 4263 988 4270 —
1023 4237 1342 4299 relinquimus
1376 4262 1444 4270 —-
1478 4249 1533 4297 p.
1574 4233 1657 4294 58,
1701 4234 1730 4283 2
1767 4237 1928 4283 arctui
1963 4237 2064 4282 solo
2098 4262 2166 4270 —
2205 4233 2235 4282 3
2273 4236 2333 4285 de
2371 4232 2493 4302 qua]
2531 4251 2680 4297 quam
2712 4263 2782 4272 —
2824 4236 2855 4284 4
2887 4239 3141 4298 pompeius
3175 4263 3245 4273 ·—
3282 4236 3309 4285 7
3349 4238 3682 4288 determinans
3720 4266 3784 4275 —

535 4319 602 4366 ad
635 4322 868 4368 orientem
889 4349 959 4358 —
985 4322 1014 4371 8
1039 4324 1173 4385 fluus
1198 4349 1264 4357 —
1289 4317 1523 4388 quodam]
1559 4337 1591 4370 a
1628 4337 1673 4383 q.
1714 4349 1785 4358 —
1813 4320 1874 4369 10
1900 4323 2120 4381 eoeiyente
2141 4346 2209 4357 —
2240 4320 2294 4370 11
2325 4319 2538 4389 paruae]
2562 4338 2665 4372 non
2696 4337 2887 4383 paruae
2921 4349 2990 4358 —
3030 4321 3090 4371 14
3118 4321 3289 4390 beluis]
3325 4326 3406 4372 uis
3450 4327 3563 4386 (em.
3603 4325 3779 4387 bestiis)

533 4431 603 4440 —
637 4409 793 4454 terrae
828 4433 895 4442 —
936 4407 996 4456 16
1031 4403 1238 4473 friyore]
1272 4408 1434 4469 friyus
1468 4435 1537 4444 —
1578 4407 1636 4457 17
1675 4408 1760 4457 ad.
1802 4422 1932 4456 cons.
1979 4405 2123 4474 quae]
2160 4423 2281 4470 quae
2316 4410 2399 4459 ad.
2445 4423 2575 4457 cons.
2615 4437 2686 4445 —
2725 4409 2787 4459 19
2823 4423 3087 4459 numerum
3120 4437 3189 4446 —
3226 4408 3291 4458 22
3314 4415 3557 4471 percurrit
3592 4427 3688 4460 om.
3717 4439 3786 4448 —

537 4505 632 4551 quo
666 4517 736 4526 --
770 4508 823 4556 p.
866 4492 950 4556 59,
996 4493 1017 4541 1
1058 4496 1373 4557 crerefennae
1416 4520 1486 4529 —
1534 4492 1564 4541 2
1601 4498 1744 4556 atque
1781 4497 1892 4542 ouis
1928 4490 2128 4560 auium]
2165 4497 2339 4543 ouium
2374 4497 2639 4556 auimnque
2673 4523 2743 4532 —
2779 4495 2808 4542 3
2843 4499 3021 4556 prestet
3053 4523 3124 4532 —
3158 4495 3186 4544 -1
3226 4510 3404 4545 sueans
3436 4523 3506 4533 —
3541 4512 3689 4558 equos
3724 4513 3781 4548 u.

532 4579 734 4627 eximios
778 4606 850 4614 —
897 4577 927 4626 5
962 4581 1245 4641 sapherinas
1289 4607 1357 4614 —
1418 4579 1448 4628 8
1486 4580 1668 4628 theutes
1713 4580 1898 4641 uayoht
1943 4606 2013 4615 —
2060 4578 2091 4628 9
2124 4581 2262 4640 pleni
2304 4608 2372 4615 -
2420 4577 2565 4648 inibi]
2615 4582 2682 4629 ibi
2727 4608 2796 4616 —
2846 4579 2907 4630 10
2943 4582 3209 4642 ρααρίροὴι
3252 4609 3323 4619 -
3368 4597 3481 4643 ραι.
3535 4584 3661 4630 hom.
3713 4610 3784 4619 —

544 4661 595 4710 ll
634 4668 991 4726 promptissimi
1023 4693 1094 4702 —
1130 4669 1354 4727 otinyens
1390 4693 1459 4702 —
1500 4664 1560 4714 12
1597 4668 1930 4726 aeraynaricii
1965 4662 2114 4731 finni]
2149 4667 2471 4727 raynaricifin
2503 4693 2573 4702 —
2614 4665 2675 4715 13
2711 4664 2987 4716 ω’ποὸίιοὴι
3018 4694 3088 4703 -
3124 4683 3175 4730 p.
3206 4667 3289 4729 60,
3322 4667 3351 4716 2
3388 4672 3556 4729 primu*
3591 4672 3785 4729 ayanzii

537 4751 753 4799 eunioeite
787 4754 900 4812 ruyi
935 4754 1072 4814 aroyi
1108 4779 1176 4787 —-
1213 4753 1243 4802 3
1279 4752 1460 4815 rodulf
1489 4779 1558 4787 -—
1593 4766 1743 4812 reyno
1779 4766 1876 4801 om.
2149 4767 2201 4814 p.
2248 4751 2360 4814 127,
2411 4752 2469 4801 12
2506 4749 2724 4819 aqimus]
2760 4756 2924 4802 aimus
2970 4755 3131 4816 (corr.)
3181 4781 3252 4790 —
3299 4760 3415 4803 ostr.
3458 4752 3562 4821 qui]
3597 4760 3786 4817 ventem

535 4836 929 4896 ostroyathorum
956 4852 1045 4900 que
1068 4864 1137 4873 —
1167 4837 1226 4886 13
1258 4852 1487 4899 yermano
1510 4864 1579 4872 —
1601 4839 1833 4901 fiudirner
1856 4837 2144 4886 morabatur
2175 4865 2246 4873 —
2284 4837 2345 4886 14
2369 4840 2556 4902 fluuios
2580 4853 2676 4887 om.
2718 4865 2786 4874 —
2827 4837 2887 4887 15
2913 4838 3138 4887 thidimer
3161 4867 3230 4877 —
3249 4842 3422 4901 pellois
3457 4868 3527 4877 —
3560 4842 3788 4902 fiudimer

537 4935 649 4968 cum
693 4927 903 4985 utroque
948 4924 1178 4973 manebat
1211 4951 1282 4960 —
1321 4922 1382 4972 16
1418 4920 1560 4990 suae]
1594 4938 1762 4972 eorum
1796 4950 1867 4958 -
1902 4922 2127 4985 fuyitiua
2160 4950 2230 4959 —
2270 4923 2328 4972 17
2368 4938 2457 4985 que
2493 4938 2590 4973 om.
2635 4950 2694 4960 —
2735 4928 2984 4974 irruerunt
3018 4952 3087 4961 —
3132 4925 3193 4974 18
3231 4931 3396 4974 tamen
3429 4929 3605 4989 quauis
3636 4930 3787 4988 pauci

540 5007 621 5055 ille
656 5012 840 5070 acepit
883 5037 953 5046 —
993 5009 1054 5060 19
1091 5011 1300 5058 hostium
1337 5024 1435 5059 om.
1482 5036 1554 5044 —
1603 5009 1781 5070 fuqam
1815 5035 1885 5045 ·—
1920 5009 2146 5059 scithicas
2178 5012 2322 5070 petiit
2355 5037 2425 5046 —
2461 5009 2527 5058 20
2563 5024 2732 5058 amnes
2765 5012 2953 5074 fluento
2987 5038 3057 5047 —
3090 5008 3262 5061 uunnt‘
3290 5038 3360 5047 —
3403 5011 3460 5061 21
3504 5013 3571 5060 ad
3604 5015 3787 5076 fratres

536 5093 843 5143 thiudimeris
877 5097 1064 5156 aaudia
1100 5124 1166 5131 —
1204 5097 1379 5144 direxit
1414 5092 1523 5162 sed]
1562 5110 1674 5144 cum
1714 5096 2001 5144 direxissent
2037 5123 2106 5133 —
2141 5110 2255 5146 mox
2290 5109 2385 5144 om.
2425 5123 2496 5131 —
2531 5110 2584 5158 p.
2618 5095 2730 5156 128,
2780 5096 2798 5144 1
2842 5097 3144 5146 thiudimeris
3179 5124 3249 5134 ·—
3284 5098 3313 5147 2
3338 5101 3553 5148 erelieua
3587 5113 3683 5148 om.
3717 5126 3786 5134 —

538 5179 569 5227 3
606 5180 865 5230 thiudimir
913 5189 956 5231 et
990 5183 1219 5246 fiudimer
1270 5210 1338 5219 -
1386 5181 1417 5230 4
1453 5184 1588 5231 dona
1623 5196 1718 5233 om.
1759 5209 1828 5218 —
1866 5197 1990 5245 quae
2026 5185 2093 5232 ad
2130 5186 2288 5232 instar
2321 5187 2547 5232 strenuae
2583 5199 2679 5233 om.
2721 5210 2789 5218 —
2826 5186 3041 5248 accipere
3073 5211 3144 5221 —
3190 5185 3220 5234 5
3257 5185 3508 5234 custodire
3541 5212 3610 5221 —
3645 5186 3786 5234 uide-

541 5266 661 5315 bant
694 5294 765 5303 —
801 5268 832 5317 6
869 5271 973 5317 alia
1012 5274 1177 5318 tamen
1213 5273 1360 5330 stirpe
1396 5283 1497 5317 non
1532 5265 1726 5335 amala]
1762 5273 1991 5331 quamuis
2027 5272 2133 5319 alia
2158 5273 2306 5330 stirpe
2342 5275 2510 5318 tamen
2533 5283 2634 5319 non
2669 5272 2947 5320 amalorum
2982 5298 3050 5307 —
3087 5271 3115 5319 7
3142 5286 3255 5319 cum
3289 5286 3386 5321 om.
3426 5298 3496 5307 -—
3531 5271 3563 5321 9
3599 5272 3786 5321 discur-

537 5358 695 5402 rentes
731 5369 828 5404 om.
889 5383 960 5392 —-
1022 5354 1083 5405 10
1129 5371 1241 5404 cum
1278 5352 1595 5422 instantibus]
1649 5370 1798 5416 quam
1828 5358 2115 5416 praesentia
2170 5381 2240 5391 ·—
2304 5354 2360 5405 11
2413 5355 2474 5403 de
2509 5352 2704 5422 futuro]
2739 5356 3085 5419 defunctorum
3143 5389 3209 5397 —-
3266 5360 3660 5406 contrauersione
3715 5385 3786 5395 -—

540 5454 654 5488 cum
683 5445 927 5501 promittit
962 5468 1030 5477 —
1068 5456 1159 5503 que
1195 5457 1290 5491 om.
1331 5468 1399 5476 —
1440 5441 1502 5491 12
1538 5445 1788 5503 accipiunt
1824 5469 1892 5478 —
1933 5442 1991 5491 13
2030 5456 2149 5490 ann.
2192 5444 2314 5489 incr.
2355 5456 2520 5492 conse.
2562 5456 2657 5490 om.
2699 5468 2768 5477 —
2809 5441 2869 5492 14
2903 5448 3168 5493 cunctatur
3202 5440 3344 5510 dare]
3381 5444 3598 5492 tardaret
3640 5445 3778 5507 (corr.

538 5527 768 5587 traderet)
805 5553 876 5564 --
909 5530 1065 5576 extitit
1099 5530 1403 5590 supplicator
1438 5533 1634 5578 tantum
1667 5524 1749 5594 ut]
1780 5530 2022 5590 promittit
2057 5532 2113 5575 at
2146 5527 2322 5576 exinde
2355 5554 2425 5563 -—
2461 5525 2625 5595 firma]
2662 5528 2885 5577 stabilior
2917 5556 2986 5564 —
3028 5527 3088 5577 15
3123 5525 3400 5595 potitusque]
3435 5534 3480 5577 et
3515 5530 3682 5590 potitos
3713 5556 3786 5567 —-

537 5613 687 5663 datus
720 5627 819 5662 om.
860 5640 926 5648 —
963 5628 1055 5676 que
1091 5628 1186 5664 om.
1226 5642 1295 5650 —
1330 5615 1721 5676 Orthographics
1757 5614 2008 5677 praeterii.

712 5698 792 5758 92)
837 5701 895 5747 In
932 5701 1093 5749 tribus
1129 5701 1249 5749 locis
1287 5715 1437 5762 supra
1472 5716 1523 5763 p.
1552 5701 1721 5748 XLIX
1759 5701 2046 5762 compositis
2082 5713 2135 5760 p.
2177 5698 2261 5760 70,
2306 5697 2368 5749 18
2410 5699 2516 5762 (dia
2549 5699 2770 5763 mederi),
2816 5698 2897 5762 73,
2945 5699 3006 5748 15
3037 5699 3308 5763 (borbista),
3354 5700 3467 5764 109,
3511 5699 3575 5749 22
3620 5702 3785 5762 (sapa-

538 5785 752 5848 eitatem)
796 5785 1176 5849 Bsmbergensis
1211 5801 1297 5855 pro
1335 5788 1668 5840 Laurentiano
1704 5792 1808 5837 stat
1842 5792 2009 5835 contra
2045 5786 2206 5838 HPV.

3286 5885 3369 5957 g*
