4882 6775
1110 490 1130 548 1
1149 487 1230 550 08
2554 477 2917 536 IORDANIS

777 673 1065 738 XXXVI
1109 680 1261 739 tunc
1314 673 1705 738 innitebatur
1756 692 1861 737 res
1919 670 2184 756 publica
2244 670 2602 754 Hesperiae
2660 671 2929 755 plagae,
3005 677 3076 734 ut
3133 667 3418 750 undique
3475 665 3896 733 bellatoribus
3956 665 4363 751 congregatis

943 1088 1061 1149 192
1107 1085 1406 1167 aliaeque
1463 1084 1753 1149 nonnulli
1800 1083 2085 1149 Celticae
2144 1083 2247 1147 vel
2294 1082 2639 1148 Germanic
2698 1081 3013 1147 nationes.
3110 1081 3483 1145 convenitur
3537 1079 3757 1163 itaque
3814 1080 3881 1143 in
3927 1099 4187 1247 campos
4234 1079 4387 1145 Ca-·

937 1602 1057 1664 193

739 1975 1057 2042 XXXVII

937 2068 1055 2128 194

937 2428 1053 2490 195

933 2840 1051 2902 196

1104 775 1418 842 adversus
1462 776 1739 841 ferocem
1785 781 1850 840 et
1892 774 2204 839 infinitam
2248 773 2720 838 multitudinem
2764 793 2893 838 non
2936 772 3145 856 impar
3189 777 3566 836 occurreret.
3662 770 3731 835 hi
3787 769 3958 836 enim
4016 770 4363 836 adfuerunt

1106 879 1489 944 auxiliares:
1548 879 1813 959 Franci,
1867 878 2236 959 Sarmatae,
2288 875 2748 959 Armoriciani,
2801 874 3124 957 Liticiani,
3176 873 3689 957 Burgundiones,
3743 872 4052 955 Saxones,
4107 872 4353 957 Ripari‚

1106 981 1507 1063 Olibriones,
1570 981 1893 1064 quondam
1937 980 2175 1045 milites
2219 980 2524 1062 Romani,
2590 987 2742 1045 tunc
2785 998 2936 1044 vero
2979 978 3110 1043 iam
3155 977 3222 1042 in
3266 996 3530 1042 numero
3575 976 3983 1042 auxiliarium
4029 974 4353 1059 exquisiti,

1103 1187 1497 1269 talaunicos,
1561 1187 1673 1269 qui
1729 1192 1795 1252 et
1837 1185 2145 1250 Mauriaci
2189 1186 2631 1280 PQQQ
2697 1192 2950 1250 centum
2997 1186 3252 1265 leuvas,
3320 1191 3391 1248 ut
3436 1183 3611 1248 Galli
3654 1190 3917 1263 vocant,
3986 1183 4053 1248 in
4124 1203 4359 1266 ongum

1865 1266 1978 1279 ...Η-,ηι-
1989 1266 2072 1281 *fs
2089 1272 2098 1277 1

1085 1272 1991 1374 Magium
2051 1289 2118 1353 in
2178 1278 2398 1353 latum.
2498 1290 2691 1354 leuva
2746 1294 2961 1353 autem
3009 1287 3265 1353 Gallica
3322 1307 3451 1351 una
3507 1286 3685 1351 mille
3746 1292 3812 1352 et
3868 1286 4359 1370 quingentorum

1104 1413 1412 1478 passuum
1471 1393 1826 1475 quantitate
1883 1392 2162 1458 metitur.
2255 1392 2328 1457 fit
2370 1412 2525 1475 ergo
2570 1412 2724 1457 area
2766 1391 3332 1456 innumerabilium
3375 1390 3754 1474 populorum
3798 1394 3950 1474 p‘ars
3994 1390 4114 1455 illa
4158 1396 4363 1454 terra—

1104 1517 1266 1561 rum.
1360 1503 1777 1561 conseruntur
1820 1495 1994 1560 acies
2040 1503 2348 1577 utraeque
2392 1493 2815 1572 fortissimae3
2883 1494 3044 1559 nihil
3093 1493 3609 1578 subreptionibus
3655 1492 3903 1576 agitur,
3971 1492 4089 1558 sed
4138 1499 4360 1578 aperto

1101 1599 1305 1664 Marte
1350 1606 1650 1664 certatur.
1742 1618 1909 1681 quae
1955 1605 2169 1682 potest
2211 1597 2412 1681 digna
2457 1617 2655 1663 causa
2698 1605 3016 1663 tantorum
3062 1597 3340 1663 motibus
3385 1596 3715 1662 invenire?
3771 1603 3884 1661 aut
3924 1596 4098 1678 quod
4142 1596 4359 1662 odium

1100 1701 1168 1766 in
1213 1721 1283 1767 se
1330 1708 1591 1767 cunctos
1636 1701 1947 1767 animavit
1988 1701 2264 1765 armari?
2324 1701 2660 1785 probatum
2706 1707 2807 1766 est
2848 1701 3200 1765 humanum
3245 1718 3451 1783 genus
3495 1699 3759 1783 regibus
3803 1699 4051 1780 vivere,
4105 1699 4360 1783 quando

1099 1804 1291 1868 unius
1349 1804 1582 1870 mentis
1639 1803 1865 1869 insano
1924 1804 2170 1888 impetu
2216 1811 2467 1886 strages
2514 1804 2598 1869 sit
2640 1803 2813 1869 sacta
2857 1804 3236 1888 populorum
3281 1810 3346 1868 et
3388 1802 3650 1868 arbitrio
3697 1802 3956 1887 superbi
4002 1801 4177 1885 regis
4221 1822 4361 1867 mo-

1101 1913 1313 1972 mento
1359 1906 1597 1972 defecit
1639 1905 1809 1990 quod
1851 1913 1943 1972 tot
1988 1906 2266 1971 saeculis
2310 1913 2542 1972 natura
2585 1906 2944 1991 progenuit.

1275 2010 1410 2075 Sed
1468 2016 1813 2091 antequam
1872 2029 2129 2093 pugnae
2186 2008 2391 2092 ipsius
2448 2008 2737 2074 ordinem
2798 2008 3188 2089 referamus,
3262 2008 3697 2074 necessarium
3761 2009 4018 2074 videtur
4076 2009 4351 2091 edicere,

1101 2133 1265 2197 quae
1323 2113 1390 2177 in
1447 2112 1609 2197 ipsis
1666 2112 1979 2177 bellorum
2026 2111 2303 2177 motibus
2348 2112 2751 2193 acciderunt,
2820 2111 2974 2194 quia
3018 2112 3184 2177 sicut
3227 2111 3544 2176 famosum
3588 2111 3938 2195 proelium,
4003 2111 4098 2177 ita
4143 2111 4360 2177 multi-

1096 2217 1250 2300 plex
1293 2224 1487 2299 atque
1532 2217 1928 2300 perplexum.
2026 2214 2437 2296 Sangibanus
2484 2234 2761 2297 namque
2805 2234 2920 2279 rex
2964 2215 3316 2279 Alanorum
3361 2221 3533 2280 metu
3579 2213 3932 2280 futurorum
3984 2215 4360 2299 perterritus

1097 2319 1336 2384 Attilae
1383 2338 1452 2384 se
1497 2318 1750 2384 tradere
1796 2318 2134 2403 pollicetur
2179 2324 2244 2383 et
2285 2318 2702 2382 Aurelianam
2749 2318 3073 2384 civitatem
3121 2316 3413 2399 Galliae,
3466 2317 3577 2382 ubi
3620 2324 3772 2383 tunc
3816 2318 4239 2398 consistebat,
4291 2318 4358 2382 in

1100 2422 1241 2487 eius
1285 2422 1429 2486 iura
1470 2422 1908 2495 transducere.
2005 2420 2178 2502 quod
2222 2420 2332 2486 ubi
2377 2420 2826 2486 Theodoridus
2872 2427 2936 2486 et
2970 2420 3196 2486 Aetius
3241 2428 3659 2504 agnoverunt,
3712 2422 3966 2504 magnis
4011 2421 4360 2504 aggeribus

1096 2525 1369 2590 eandem
1429 2525 1651 2590 urbem
1707 2532 1857 2589 ante
1916 2524 2262 2589 adventum
2307 2524 2552 2589 Attilae
2612 2530 2896 2604 struunt,
2965 2531 3461 2608 suspectumque
3507 2524 3872 2590 custodiunt
3915 2525 4357 2608 Sangibanum

1097 2634 1161 2693 et
1218 2628 1386 2692 inter
1446 2646 1598 2692 suos
1657 2627 2010 2692 auxiliares
2056 2627 2339 2692 medium
2387 2634 2677 2693 statuunt
2721 2646 2864 2691 cum
2910 2627 3173 2712 propria
3217 2633 3432 2710 gente.
3528 2627 3726 2711 igitur
3770 2628 3975 2693 Attila
4016 2648 4131 2694 rex
4175 2629 4359 2694 Hun-

1093 2751 1320 2797 norum
1378 2730 1493 2796 tali
1552 2731 1886 2815 perculsus
1945 2738 2178 2795 eventu
2237 2729 2540 2795 diffidens
2601 2730 2740 2795 suis
2800 2730 3000 2815 copiis
3069 2730 3296 2796 metuit
3335 2730 3499 2796 inire
3545 2729 3929 2798 conflictum.
4021 2731 4190 2797 inter
4233 2752 4357 2815 que

1098 2835 1320 2919 fugam
1379 2835 1720 2899 revolvens
1779 2833 1921 2917 ipso
1983 2832 2207 2898 funere
2266 2833 2644 2915 tristiorem,
2715 2834 2937 2899 statuit
2992 2854 3111 2918 per
3166 2834 3499 2918 aruspices
3551 2833 3769 2900 futura
3811 2835 4153 2918 inquirere.
4247 2835 4358 2919 qui

1095 2957 1270 3003 more
1332 2936 1516 3001 solito
1575 2955 1746 3000 nunc
1799 2955 2099 3020 pecorum
2157 2935 2389 3018 fibras,
2460 2955 2628 3000 nunc
2687 2936 3002 3017 quasdam
3063 2956 3266 3002 venas
3323 2936 3394 3001 in
3444 2937 3694 3002 abrasis
3741 2937 3992 3003 ossibus
4037 2938 4358 3004 intuentes

1095 3040 1347 3105 Hunnis
1389 3038 1675 3104 infausta
1720 3037 2129 3115 denuntiant3
2198 3038 2318 3103 hoc
2375 3045 2592 3103 tamen
2648 3040 3026 3121 quantulum
3087 3039 3466 3124 praedixere
3528 3040 3785 3121 solacii,
3853 3040 4025 3122 quod
4070 3060 4358 3105 summus

1264 3385 1320 3432 H
1341 3383 1387 3432 P
1415 3385 1458 3433 V
1478 3386 1520 3434 L
1545 3385 1589 3432 A
1620 3383 1662 3432 0
1686 3384 1731 3432 Β
1757 3384 1806 3433 Χ
1833 3383 1898 3447 (Υ
1920 3384 2002 3445 Ζ).
2083 3382 2271 3432 Paulus
2293 3384 2339 3433 h.
2370 3383 2433 3434 R.
2469 3387 2549 3448 14,
2582 3389 2611 3433 4
2644 3384 2691 3446 (2
2720 3385 2772 3433 hi
2794 3410 2865 3420 —
2891 3382 2919 3432 7
2946 3385 3148 3447 latum).
3202 3387 3283 3447 14,
3315 3389 3345 3434 5
3377 3386 3424 3448 (a
3449 3383 3513 3434 22
3540 3386 3761 3448 statuit).
3840 3386 4107 3448 Freculfua
4132 3391 4182 3448 2,
4213 3391 4260 3450 5,
4298 3391 4357 3435 14

1098 3470 1146 3535 (2
1182 3473 1239 3521 hi
1277 3499 1342 3508 —
1381 3471 1412 3520 6
1450 3474 1811 3532 nominantur).

1271 3627 1290 3676 1
1335 3628 1583 3676 innitebat
1622 3626 1668 3673 Β
1957 3623 1987 3674 2
2023 3626 2278 3674 infinitem
2320 3624 2362 3672 Ο
2639 3625 2724 3675 his
2766 3625 2950 3674 OBXY
3223 3623 3518 3694 adfuerunt]
3556 3628 3763 3677 fuerunt
3811 3629 3863 3689 Y,
3902 3630 4046 3678 fuere
4084 3629 4143 3690 L,
4185 3642 4279 3678 om.
4310 3630 4361 3677 X

1093 3712 1124 3762 3
1162 3713 1488 3762 auxiliatores
1525 3713 1621 3760 AX
1633 3713 1682 3772 Y,
1724 3711 2044 3761 auxilaliares
2088 3709 2130 3758 Ο
2361 3712 2496 3758 sanci
2533 3710 2605 3758 Ba
2836 3713 3140 3760 armoritiam
3182 3711 3240 3774 Ο,
3283 3715 3552 3762 armoriani
3592 3714 3638 3761 B
3845 3712 4090 3782 liticiani]
4126 3715 4358 3763 HPVLA

1090 3813 1205 3847 eum
1232 3799 1412 3858 Paulo,
1452 3799 1668 3858 litigiani
1706 3800 1754 3846 X
1764 3797 1859 3860 YZ,
1901 3797 2065 3845 litiani
2106 3795 2214 3855 ΟΒ,
2254 3811 2353 3846 om.
2385 3797 2523 3848 Free.
2736 3799 3100 3858 burguntiones
3140 3797 3186 3844 P
3388 3801 3610 3861 riparioli
3646 3802 3844 3850 briones
3882 3801 4029 3849 HPV
4058 3815 4172 3850 eum
4197 3802 4359 3851 Paulo

1092 3891 1138 3934 et
1176 3886 1336 3946 Erec„
1376 3886 1549 3947 riparii
1585 3885 1853 3933 olibriones
1889 3885 1954 3943 A,
1995 3884 2151 3944 ripari
2186 3884 2463 3931 oribriones
2501 3883 2560 3943 L,
2604 3885 2756 3945 ripari
2792 3885 3079 3933 alubriones
3121 3885 3180 3947 Ο,
3220 3886 3666 3948 ripariolilbriones
3709 3886 3807 3949 (aie)
3845 3887 3907 3949 Β,
3948 3888 4118 3937 ribarii
4154 3890 4355 3937 olibrio-

1094 3984 1184 4019 nes
1215 3971 1405 4033 Duae„
1447 3970 1593 4018 libari
1629 3970 1899 4017 olibriones
1926 3969 1975 4016 X
1986 3969 2064 4016 Yz
2268 3968 2301 4017 4
2339 3970 2717 4018 auxiliariorum
2749 3969 2809 4031 Ο,
2850 3971 3155 4019 auxiliorum
3182 3970 3277 4019 AB
3484 3974 3741 4034 exquesiti
3773 3972 3831 4034 Ο,
3873 3976 4183 4036 exquisitiae
4210 3973 4286 4022 X·
4303 3975 4352 4034 Y,

1091 4057 1378 4119 exquisitae
1417 4057 1465 4104 X
1474 4043 1545 4102 bz
1766 4055 1797 4103 5
1834 4057 2045 4115 alaeque
2080 4053 2185 4101 HV
2390 4051 2650 4121 nonnulli]
2686 4055 2799 4118 HV,
2844 4057 3117 4105 nonnullae
3153 4059 3242 4107 rel.
3454 4059 3764 4119 germanicae
3800 4058 3846 4105 Β
4053 4062 4242 4123 campis
4277 4075 4357 4108 ca-

1091 4145 1360 4192 talaunicis
1398 4143 1461 4201 A,
1504 4156 1545 4190 c.
1588 4141 1928 4189 catalaunicus
1970 4139 2041 4187 0²
2268 4139 2299 4190 6
2338 4137 2603 4207 mauriaci]
2638 4141 3015 4190 HPVLAXYZ
3040 4142 3319 4206 Freeulsus,
3360 4145 3572 4192 maurici
3613 4145 3704 4193 OB
3912 4142 4074 4213 nom.]
4111 4152 4355 4195 uocantur

1092 4231 1138 4277 A
1362 4223 1563 4294 leuuas]
1598 4227 1835 4275 HPVLA
1870 4240 1983 4273 eum
2018 4225 2198 4287 Paulo,
2238 4227 2410 4274 leucas
2455 4224 2513 4286 Ο,
2555 4228 2730 4287 leugas
2768 4227 2877 4290 ΒΥ,
2916 4229 3089 4288 leguas
3127 4230 3175 4277 X
3399 4227 3480 4296 ut]
3517 4237 3606 4279 aut
3650 4230 3729 4277 1³⁶
3960 4237 4205 4282 uocantur
4244 4233 4287 4281 O

1088 4315 1236 4376 longo
1274 4315 1320 4361 A
1528 4313 1555 4361 7
1595 4308 1668 4378 et]
1704 4327 1769 4360 ex
1813 4311 1855 4358 Ο
2062 4311 2162 4359 lato
2198 4312 2244 4358 A
2452 4313 2594 4360 leuca
2633 4311 2737 4374 013,
2779 4313 2926 4374 leuga
2973 4315 3025 4374 Y,
3065 4316 3214 4375 legua
3250 4315 3302 4362 Χ
3503 4313 3699 4383 autem]
3734 4319 3870 4365 enim
3905 4318 3956 4365 X
3968 4318 4062 4381 YZ,
4104 4332 4203 4368 om.
4241 4319 4285 4366 A

1087 4402 1266 4462 gallica
1300 4395 1426 4466 una]
1462 4399 1715 4460 HPVLX,
1758 4399 1994 4460 gallicana
2039 4398 2093 4457 Y,
2133 4398 2311 4457 gallica
2348 4398 2492 4446 AOB
2769 4398 2799 4448 8
2836 4413 3001 4448 aream
3043 4399 3086 4447 Ο
3326 4397 3463 4468 pars]
3496 4416 3610 4464 pras
3645 4402 3691 4449 Β
3959 4403 3990 4452 9
4027 4406 4355 4453 conferuntur

1094 4486 1183 4534 OB
1393 4488 1535 4534 acien
1579 4484 1649 4532 0⁰
1879 4489 2094 4546 utraque
2131 4483 2188 4544 L,
2230 4485 2475 4545 utrinque
2513 4485 2563 4532 X
2574 4485 2670 4546 ΥΖ,
2712 4498 2807 4535 om.
2843 4485 2885 4534 Ο
3094 4494 3262 4550 aperto
3298 4494 3456 4536 marte
3499 4489 3676 4549 (marte
3711 4503 3808 4538 om.
3841 4487 3922 4550 Αἱ)
3967 4496 4188 4539 certatur
4231 4492 4354 4547 (cer-

1088 4579 1247 4620 tatum
1290 4567 1378 4638 Z)]
1428 4571 1629 4631 AXYZ,
1688 4577 1858 4631 aperto
1905 4577 2062 4618 marte
2105 4575 2322 4618 testatur
2370 4570 2468 4617 ΗΡ
2481 4571 2574 4633 VL,
2636 4578 2865 4632 apertum
2912 4578 3069 4621 artem
3119 4578 3335 4622 testatur
3374 4572 3431 4636 Ο,
3492 4581 3721 4635 apertum
3768 4581 3974 4624 martem
4023 4581 4276 4625 testantur
4310 4576 4355 4623 Β

1092 4657 1155 4708 10
1191 4659 1431 4706 mortibus
1469 4658 1519 4704 X
1528 4657 1570 4705 Y
1771 4651 2029 4721 inuenire]
2064 4654 2270 4714 HPVL,
2311 4657 2537 4703 inueniri
2574 4657 2717 4704 ABX
2728 4658 2777 4718 Y,
2818 4671 2914 4707 om.
2950 4658 2993 4706 O
3201 4654 3358 4725 quod]
3393 4661 3636 4721 quomodo
3674 4661 3717 4709 L
3926 4662 4044 4710 odia
4086 4663 4223 4722 (odiu
4257 4649 4346 4723 Vb)

1100 4744 1176 4790 V‘
1414 4743 1470 4792 11
1512 4745 1666 4791 amari
1710 4741 1753 4789 O
1979 4742 2230 4789 humanus
2266 4755 2313 4802 g.
2360 4740 2449 4803 0⁴¹,
2493 4755 2608 4802 gen.
2650 4743 2790 4793 hum.
2831 4744 2876 4791 Β
3102 4740 3327 4811 regibus]
3360 4746 3559 4805 legibus
3595 4747 3645 4794 X
3656 4747 3697 4793 Y
3915 4745 3977 4796 12
4017 4747 4205 4796 hunius
4243 4748 4287 4796 L

1085 4833 1263 4880 insano
1300 4844 1395 4879 οηι.
1433 4830 1482 4878 X
1493 4830 1573 4877 Yz
1837 4830 2034 4889 impetu
2071 4833 2263 4888 strages
2302 4823 2393 4893 sit]
2430 4830 2470 4876 i.
2511 4830 2689 4888 stragis
2725 4830 2783 4877 nt
2819 4830 2879 4890 X,
2921 4832 3119 4892 impetu
3156 4836 3318 4892 trages
3355 4833 3426 4880 sit
3460 4831 3520 4891 L,
3565 4834 3825 4894 impetrita
3860 4836 4018 4893 gessit
4058 4833 4117 4896 Ο,
4157 4835 4352 4895 impetu

1085 4919 1157 4966 ita
1193 4922 1440 4975 geruntur
1476 4915 1522 4962 Β
1753 4909 1983 4979 superbi]
2019 4927 2171 4975 super
2205 4913 2249 4960 L
2485 4911 2759 4981 momento]
2795 4923 3029 4964 monento
3070 4915 3128 4978 P,
3171 4922 3406 4965 monente
3444 4918 3504 4979 A,
3548 4918 3795 4966 mouendo
3838 4917 3929 4966 OB
4164 4918 4227 4969 13
4263 4919 4353 4968 de·

1085 4998 1230 5068 fecit]
1265 5001 1615 5062 HPVLAXY,
1658 5001 1889 5049 deficitur
1932 4999 1991 5060 Ο,
2035 5000 2250 5048 deicitur
2286 4999 2331 5046 Β
2559 4998 2656 5067 tot]
2692 5003 2784 5049 uix
2820 5002 2865 5049 L
3090 5003 3249 5051 seculi
3294 5001 3336 5050 Ο
3582 5003 3644 5052 14
3683 5004 3857 5052 ordine
3899 5005 3941 5053 Ο
4149 5006 4353 5055 uidetur

1086 5090 1279 5141 edicere
1323 5088 1533 5151 (adicere
1569 5083 1657 5153 L)]
1705 5087 1878 5136 nidere
1921 5084 2011 5133 OB
2293 5084 2353 5134 15
2391 5086 2623 5134 modibus
2668 5086 2710 5134 Ο
2986 5084 3128 5154 quia]
3165 5091 3254 5151 qui
3293 5090 3355 5149 A,
3408 5102 3555 5151 quam
3594 5090 3642 5137 X
3922 5089 3984 5139 16
4024 5087 4351 5157 sangibanus]

1085 5173 1372 5222 PVAOBX
1381 5175 1418 5221 Y
1451 5188 1561 5221 cum
1598 5172 1774 5233 Paulo,
1819 5173 2131 5231 sangibamas
2168 5171 2229 5233 L,
2270 5173 2618 5232 sanguibanus
2654 5173 2711 5219 H
2946 5181 3081 5224 meto
3123 5174 3166 5221 Ο
3421 5175 3696 5223 futororum
3733 5175 3777 5223 L
4059 5175 4117 5226 17
4158 5173 4352 5243 attilae]

1085 5262 1314 5309 attiluei
1361 5260 1421 5321 Ο,
1464 5261 1633 5308 attilae
1670 5261 1718 5307 ei
1757 5257 1802 5304 Β
2027 5253 2307 5323 ciuitatem]
2344 5259 2516 5306 urbem
2555 5260 2597 5306 A
2823 5262 3132 5309 consistabat
3173 5261 3215 5308 O
3450 5260 3511 5310 18
3549 5261 3813 5309 traducere
3850 5262 3911 5324 X,
3954 5262 4247 5312 trasducere
4288 5262 4345 5324 Ο,

1084 5347 1370 5397 contradere
1399 5348 1444 5394 A
1653 5343 1979 5392 theoderidus
2013 5343 2098 5390 VX
2108 5342 2160 5405 Υ,
2202 5343 2515 5391 theodoritus
2546 5342 2650 5405 OB,
2692 5329 2846 5394 theod
2878 5348 2925 5394 A
3136 5353 3188 5394 et
3224 5348 3385 5396 actius
3420 5346 3578 5405 HPV,
3619 5350 3754 5396 etius
3796 5346 3839 5394 Ο
4047 5355 4352 5410 agnouerant

1082 5434 1142 5494 Β,
1186 5437 1531 5494 cognouerunt
1568 5430 1614 5477 X
1623 5430 1676 5487 Υ,
1716 5442 1994 5488 cognouere
2031 5428 2075 5475 A
2287 5428 2348 5477 19
2387 5435 2505 5477 ante
2542 5429 2657 5480 adu.
2700 5436 2791 5480 att.
2834 5432 3043 5480 eandem
3080 5432 3255 5480 urbem
3290 5433 3335 5480 L
3544 5430 3774 5500 struunt]
3807 5438 3988 5482 stuunt
4013 5433 4076 5494 L,
4117 5441 4353 5484 entmunt

1088 5518 1146 5581 Ο,
1189 5520 1460 5566 destruunt
1485 5516 1530 5563 Β
1737 5513 1804 5563 20
1842 5514 2088 5562 auxiliare
2122 5515 2176 5576 V,
2218 5515 2453 5563 axiliares
2478 5514 2540 5578 L,
2581 5518 2902 5565 auxiliatores
2933 5515 3117 5566 OXYZ
3323 5515 3547 5586 propria]
3587 5533 3679 5568 sua
3704 5522 3901 5582 propria
3926 5521 3973 5568 X
3981 5519 4077 5582 YZ,
4119 5535 4213 5570 sua
4237 5523 4281 5568 A

1081 5601 1263 5669 igitur]
1297 5606 1368 5664 ig.
1397 5610 1455 5650 ut
1479 5603 1529 5650 X
1536 5601 1621 5648 YZ
1827 5601 1989 5648 attilia
2018 5598 2061 5646 Ο
2267 5613 2359 5648 rex
2396 5601 2555 5651 hunn.
2599 5617 2697 5654 om.
2731 5604 2773 5650 A
2984 5602 3042 5652 21
3085 5618 3354 5666 percussus
3382 5607 3423 5652 A
3635 5612 3871 5654 metuens
3899 5604 3989 5653 OB
4196 5602 4351 5672 inire]

1082 5692 1135 5738 in
1173 5704 1225 5738 re
1269 5689 1312 5736 Ο
1520 5689 1652 5735 inter
1686 5682 1811 5752 que]
1846 5687 2089 5746 intusque
2115 5686 2159 5732 B
2368 5685 2434 5735 22
2471 5689 2586 5736 luca
2616 5687 2659 5735 O
2869 5687 3201 5754 tristiltiorem
3229 5691 3293 5750 H,
3334 5693 3609 5752 grauiorem
3636 5690 3709 5739 A·
3919 5690 3984 5741 23
4022 5694 4265 5755 quosdam
4307 5692 4347 5740 0

1083 5775 1145 5824 24
1189 5777 1394 5823 solata*
1436 5774 1624 5833 (solacii
1660 5759 1750 5833 pb)
1791 5770 1868 5817 V‘
2078 5787 2251 5821 sumus
2287 5772 2333 5820 P

4402 1614 4462 1656 1⁰

4400 2130 4458 2174 15

4397 2644 4457 2687 20
