4882 6775
1154 474 1272 535 134
2267 479 2275 487 ”
2598 468 2957 523 IORDANIS

930 661 1110 727 LVII
1154 660 1264 744 qui
1307 660 1675 744 appellatur
1703 659 1950 724 Pineta.
2046 658 2217 742 quod
2260 678 2529 723 cernens
2561 658 2853 724 Odoacer
2893 659 3066 723 intus
3113 678 3180 724 se
3226 658 3292 722 in
3324 657 3478 722 urbe
3511 656 3888 730 communit;
3941 655 4221 736 indeque
4252 654 4404 719 sub-

1150 763 1393 847 reptive
1453 770 1642 827 noctu
1700 761 2066 843 frequenter
2111 781 2254 826 cum
2316 762 2450 826 suis
2497 762 2837 845 egrediens
2883 761 3235 826 Gothorum
3296 760 3646 825 exercitum
3703 760 4109 841 inquietat¹)‚
4177 764 4243 823 et
4286 758 4404 822 hoc

982 869 1107 932 294
1152 886 1280 931 non
1327 865 1527 930 semel
1574 885 1690 930 uec
1735 864 1999 945 iterum,
2067 865 2185 930 sed
2242 865 2611 947 frequenter
2655 872 2720 930 et
2777 885 2942 948 pene
2987 865 3245 928 molitur
3288 870 3415 929 toto
3461 863 3757 927 triennio,
3852 862 3964 927 sed
4025 862 4262 927 frustra
4307 862 4404 925 la-

1149 969 1365 1049 borat,
1433 968 1581 1051 quia
1641 974 1869 1031 cuncta
1927 968 2118 1032 Italia
2178 967 2504 1033 dominum
2571 968 2699 1032 iam
2762 969 3018 1033 dicebat
3060 967 3522 1032 Theodericum
3571 974 3636 1031 et
3679 966 3855 1031 illius
3901 966 3984 1030 ad
4030 971 4253 1029 nutum
4302 983 4403 1028 res

1152 1071 1271 1136 illa
1315 1070 1575 1154 publica
1619 1069 2120 1135 obsecundabat.
2214 1078 2462 1136 tantum
2508 1071 2619 1135 ille
2667 1072 2845 1135 solus
2890 1091 3033 1135 cum
3079 1070 3302 1155 paucis
3347 1070 3734 1135 satellitibus
3780 1077 3845 1134 et
3886 1070 4242 1149 Romanos,
4296 1066 4404 1150 qui

1152 1174 1441 1252 aderant,
1498 1181 1562 1238 et
1608 1173 1780 1237 fame
1827 1180 1892 1237 et
1933 1174 2104 1238 bello
2151 1174 2383 1239 cotidie
2428 1174 2597 1239 intra
2628 1176 2999 1239 Ravennam
3032 1173 3390 1239 laborabat.
3470 1173 3639 1255 quod
3673 1174 3823 1237 dum
3854 1172 4013 1237 nihil
4045 1171 4395 1257 proficeret,

982 1281 1107 1341 295
1153 1277 1353 1341 missa
1397 1275 1720 1359 legatione
1764 1276 2017 1340 veniam
2065 1277 2385 1360 supplicat
2403 1280 2477 1354 2).
2560 1277 2661 1341 cui
2708 1285 2772 1341 et
2813 1277 3086 1360 primum
3133 1276 3488 1341 concedens
3521 1275 3959 1340 Theodoricus
4003 1273 4404 1359 postmodum

1150 1380 1233 1445 ab
1277 1379 1400 1444 hac
1445 1379 1588 1443 luce
1636 1379 1912 1463 privavit
1953 1380 2297 1463 tertioque,
2367 1387 2437 1444 ut
2483 1380 2791 1457 diximus,
2862 1400 3027 1444 anno
3085 1381 3416 1463 ingressus
3462 1379 3564 1444 sui
3607 1379 3672 1443 in
3718 1378 3910 1444 Italia
3955 1379 4405 1458 Zenonemque

1148 1483 1302 1566 imp.
1346 1483 1638 1547 consultu
1671 1482 1987 1565 privatum
2034 1483 2275 1548 abitum
2323 1502 2607 1565 suaeque
2653 1483 2865 1566 gentis
2911 1484 3212 1548 vestitum
3260 1502 3578 1566 seponens
3622 1482 3874 1564 insigne
3919 1482 4095 1565 regio
4139 1480 4396 1560 amictu,

1152 1585 1337 1669 quasi
1381 1585 1508 1650 iam
1557 1580 1908 1649 Gothorum
1956 1587 2512 1669 Romanorumque
2559 1593 2889 1669 regnator,
2962 1586 3245 1651 adsumit
3286 1586 3612 1668 missaque
3658 1585 3980 1668 legatione
4033 1583 4119 1647 ad
4164 1582 4407 1648 Lodoin

983 1692 1109 1753 296
1155 1689 1807 1773 Francoru—in„‚[egem
1852 1687 2711 1775 filiamjei-usfflAudffl—ledam
2779 1688 2899 1753 sibi
2955 1689 3018 1771 in
3053 1688 3717 1773 *matrimonio-petit.
3812 1707 4001 1768 quam
4062 1686 4179 1750 ille
4225 1692 4406 1768 grate

1149 1792 1547 1872 libenterque
1593 1791 1912 1855 concessit
1956 1812 2231 1874 suosque
2279 1792 2445 1856 filios
2491 1791 2946 1857 Celdebertum
2994 1799 3057 1856 et
3101 1792 3560 1857 Heldebertum
3609 1798 3671 1855 et
3715 1790 4222 1855 Thiudebertum
4269 1808 4408 1853 cre-

1151 1894 1314 1959 dens
1357 1894 1478 1957 hac
1524 1893 1829 1958 societate
1878 1914 2020 1958 cum
2067 1903 2259 1977 gente
2293 1894 2645 1959 Gothorum
2690 1895 2848 1960 inito
2896 1894 3158 1960 foedere
3205 1894 3455 1959 sociari.
3553 1891 3668 1958 sed
3713 1912 3838 1957 non
3884 1892 4048 1957 adeo
4093 1892 4180 1957 ad
4225 1890 4407 1976 pacis

1148 1996 1549 2062 concordiam
1596 1996 1836 2081 profuit
1880 1996 2006 2061 ista
2053 1997 2434 2075 coniunctio,
2492 1998 2642 2080 quia
2690 2017 3154 2081 saepenumero
3202 2004 3458 2081 propter
3503 1996 3838 2061 Gallorum
3880 2002 4082 2060 terras
4127 1994 4409 2077 graviter

1145 2100 1312 2165 inter
1356 2119 1426 2164 se
1474 2099 1780 2164 decertati
1828 2107 2009 2180 sunt,
2065 2120 2538 2183 numquamque
2588 2100 2838 2164 Gothus
2885 2101 3152 2165 Francis
3200 2101 3411 2181 cessit,
3467 2099 3619 2163 dum
3666 2099 3912 2164 viveret
3940 2097 4400 2163 Theodoricus.

735 2204 947 2269 LVIII
986 2206 1107 2269 297
1325 2203 1684 2284 Antequam
1747 2222 1898 2285 ergo
1959 2202 2039 2266 de
2085 2201 2510 2267 Audefiedam
2559 2204 2849 2269 subolem
2906 2203 3196 2283 haberet,
3265 2203 3593 2267 naturales
3652 2222 3733 2267 ex
3791 2201 4177 2279 concubina,
4247 2221 4408 2283 quas

1146 2305 1478 2390 genuisset
1519 2304 1732 2369 adhuc
1777 2304 1844 2368 in
1889 2305 2149 2384 Moesia,
2207 2306 2396 2387 filias,
2452 2326 2645 2370 unam
2691 2308 2944 2371 nomine
2992 2306 3380 2389 Thiudigoto
3420 2312 3485 2371 et
3529 2305 3727 2369 aliam
3760 2305 4166 2388 Ostrogotho.
4247 2324 4409 2386 quas

1148 2429 1296 2474 mox
1341 2408 1405 2472 in
1451 2408 1706 2473 Italiam
1752 2409 1944 2484 venit,
2001 2409 2262 2491 regibus
2309 2409 2537 2473 vicinis
2582 2410 2648 2473 in
2695 2409 2993 2492 coniugio
3042 2410 3382 2493 copulavit,
3437 2408 3506 2473 id
3553 2415 3651 2472 est
3694 2428 3888 2472 unam
3917 2408 4176 2473 Alarico
4205 2408 4408 2473 Vese-

980 2517 1103 2579 298
1150 2511 1487 2595 gotharum
1549 2520 1613 2575 et
1671 2511 1871 2575 aliam
1920 2512 2334 2593 Sigismundo
2382 2512 3016 2595 Burgundzonorum.
3114 2513 3195 2577 de
3239 2513 3496 2577 Alarico
3555 2531 3707 2594 ergo
3751 2518 3939 2576 natus
4001 2519 4099 2577 est
4143 2512 4409 2576 Amala-

1148 2614 1342 2679 ricus.
1436 2634 1625 2696 quem
1674 2634 1834 2678 avus
1879 2615 2317 2680 Theodoricus
2372 2615 2438 2678 in
2485 2616 2674 2680 annis
2720 2616 3075 2699 puerilibus
3121 2625 3387 2698 utroque
3447 2621 3714 2700 parente
3767 2615 3988 2679 orbato
4037 2613 4190 2678 dum
4237 2612 4412 2678 fovet

1148 2723 1338 2798 atque
1398 2724 1640 2797 tuetur,
1711 2717 2021 2801 comperit
2066 2718 2481 2783 Eutharicum
2529 2720 2803 2783 Veterici
2864 2719 3061 2783 filium
3112 2718 3474 2784 Beretmodi
3522 2725 3586 2783 et
3628 2717 4036 2782 Thorismodi
4079 2723 4399 2800 nepotem,

1320 3012 1374 3059 H
1398 3012 1441 3058 P
1471 3014 1578 3059 VA
1610 3012 1652 3059 O
1677 3013 1720 3060 Β
1750 3013 1794 3058 Χ
1823 3014 1885 3071 (Υ
1912 3013 1993 3073 Ζ).
2075 3014 2264 3061 Paulus
2302 3014 2335 3060 l.
2378 3028 2418 3062 c.
2499 3014 2763 3072 Freculfus
2801 3016 2850 3073 2,
2894 3017 2942 3067 5,
2987 3017 3049 3061 18
3096 3016 3140 3075 (α
3181 3013 3209 3061 8
3249 3014 3434 3075 tertio).

1325 3148 1346 3197 1
1388 3150 1631 3197 odouacer
1655 3150 1715 3212 B,
1753 3150 1992 3198 adouacer
2022 3152 2063 3197 O
2238 3152 2290 3198 in
2316 3152 2492 3198 urbem
2520 3154 2817 3199 communiit
2847 3153 3022 3211 (-niuit
3053 3153 3113 3212 Y)
3150 3153 3238 3197 ΧΥ
3445 3151 3474 3199 2
3513 3166 3626 3198 cum
3650 3151 3755 3198 suis
3778 3165 3875 3198 om.
3901 3150 3942 3195 A
4120 3150 4406 3209 aegrediens

1149 3234 1196 3281 P
1364 3232 1479 3301 hoc]
1502 3230 1622 3283 haec
1649 3227 1693 3283 A
1904 3236 1933 3284 3
1974 3238 2225 3285 laborabat
2251 3237 2299 3282 Χ
2493 3237 2524 3283 4
2563 3232 2706 3302 quia]
2731 3238 2819 3298 qui
2851 3238 2892 3282 O
3068 3232 3271 3302 nutum]
3298 3242 3472 3286 uotum
3506 3236 3594 3284 OB
3804 3238 3833 3284 5
3870 3236 4070 3298 puplica
4103 3236 4145 3283 O
4319 3237 4406 3285 ille

1146 3334 1244 3369 om.
1275 3319 1343 3367 A¹
1551 3318 1709 3387 solus]
1747 3323 1861 3384 plus
1900 3323 2031 3368 ΧΥΖ
2240 3323 2518 3370 satellitibu
2545 3322 2589 3369 P
2792 3326 3009 3371 romanis
3048 3323 3235 3370 ΑΒΧΥ
3442 3322 3474 3371 6
3512 3329 3564 3370 et
3599 3319 3751 3390 fame]
3788 3324 3919 3392 fame
3943 3324 3988 3369 A
4199 3323 4410 3371 cottidie

1147 3407 1194 3454 P
1396 3405 1691 3475 rauennam]
1726 3411 1904 3457 urbem
1942 3411 1989 3456 A
2198 3405 2352 3475 quod]
2396 3409 2596 3466 ΟΒΧΥ,
2648 3423 2744 3470 quo
2781 3409 2968 3457 HPVA
3182 3409 3208 3456 7
3249 3406 3519 3475 supplicat]
3558 3409 3851 3469 PVOBXY,
3892 3411 4205 3472 supplicabat
4240 3410 4339 3458 HA

1147 3491 1443 3559 concedens]
1473 3494 1668 3542 AOBX
1680 3495 1725 3556 Y,
1768 3495 1986 3543 condens
2012 3494 2155 3541 HPV
2362 3495 2654 3556 posmodum
2690 3494 2731 3541 0
2941 3493 2971 3543 8
3010 3497 3071 3543 ab
3096 3510 3192 3545 om.
3223 3496 3265 3541 A
3475 3497 3558 3543 sui
3582 3492 3662 3562 in]
3687 3496 3799 3553 AO,
3831 3498 3911 3544 sui
3935 3496 4094 3556 HPV,
4123 3497 4175 3543 in
4205 3495 4345 3542 ΒΧΥ

1144 3581 1341 3629 italiam
1379 3579 1614 3627 ΑΟΒΧΥ
1823 3576 2185 3646 zenonemque]
2224 3580 2522 3642 HPVXYZ,
2566 3594 2856 3641 zenoneque
2899 3580 2956 3640 Ο,
3003 3584 3306 3643 zenonisque
3344 3583 3405 3642 B,
3447 3596 3634 3630 zenone
3672 3583 3717 3629 A
3960 3583 3992 3630 9
4029 3578 4157 3647 imp]
4193 3582 4404 3645 HPVO,

1145 3667 1458 3727 imperatoris
1485 3665 1544 3725 B,
1586 3668 1936 3729 imperatorem
1981 3667 2085 3726 ΧΥ,
2122 3669 2425 3728 imperatore
2463 3668 2508 3714 A
2718 3663 2974 3733 consultu]
3015 3668 3127 3727 HV,
3169 3668 3451 3716 consultum
3487 3668 3595 3730 ΡΟ,
3640 3669 3864 3716 consulto
3902 3669 4092 3716 ΑΒΧΥ
4300 3672 4409 3733 pri·

1148 3753 1304 3800 uatim
1339 3743 1414 3797 ΒΔ
1593 3747 1814 3817 abitum]
1852 3752 1964 3811 ΗΡ,
2003 3754 2233 3800 habitum
2271 3751 2463 3813 VAXY,
2507 3755 2630 3800 abiti
2675 3752 2733 3812 O,
2775 3754 2944 3801 habito
2982 3752 3025 3799 Β
3250 3768 3468 3814 suaeque
3512 3756 3626 3815 (que
3663 3770 3759 3802 om.
3791 3753 3878 3813 3⁰)
3920 3751 4110 3821 gentis]
4145 3757 4411 3817 gentisque

1148 3850 1267 3885 suae
1292 3838 1337 3884 A
1546 3851 1795 3899 reponens
1827 3838 1916 3884 OB
2123 3841 2261 3898 regio
2287 3834 2495 3904 amictu]
2533 3841 2671 3900 regio
2695 3842 2908 3887 amictus
2937 3839 2994 3900 O,
3027 3841 3130 3899 regi
3143 3838 3193 3899 (i)
3224 3842 3434 3889 amictus
3461 3841 3554 3887 AB
3766 3838 3828 3889 lo
3864 3837 4051 3907 lodoin]
4088 3840 4418 3889 PVAOBXY

1147 3937 1264 3971 eum
1286 3922 1445 3969 Panto
1475 3924 1555 3982 15,
1587 3924 1672 3982 20,
1712 3923 1816 3972 loco
1852 3925 1908 3971 in
1944 3924 2012 3982 H,
2054 3924 2309 3971 Lodouuic
2347 3924 2483 3972 Frec.
2704 3922 2755 3972 11
2802 3921 3136 3990 audefledam]
3182 3912 3346 3972 ybOB
3381 3929 3427 3972 et
3464 3928 3532 3972 ita
3571 3925 3762 3974 Paulus
3787 3927 3818 3975 l.
3850 3941 3914 3987 c.,
3956 3927 4260 3975 aodefledam
4296 3928 4408 3989 ΗΡ,

1149 3987 1537 4068 iungoemedam
1572 4008 1665 4068 V‘,
1707 4010 1979 4058 adofledam
2018 4010 2080 4070 A,
2124 4010 2416 4057 adelfledam
2457 4010 2564 4070 ΧΖ,
2607 4011 2861 4058 aelfledam
2913 4011 2955 4057 Υ
3180 4012 3551 4059 matrimonium
3590 4012 3635 4058 A
3862 4015 4016 4074 petiit
4055 4015 4102 4060 Χ
4324 4016 4412 4063 ille

1148 4108 1243 4143 om.
1275 4095 1323 4141 Χ
1533 4093 1595 4142 12
1633 4091 1874 4161 suosque]
1911 4110 2024 4143 suos
2061 4095 2106 4141 Β
2316 4096 2653 4143 celdebertum
2694 4092 2768 4161 et]
2804 4095 3009 4154 HPVB,
3055 4097 3395 4159 celdepertum
3437 4098 3495 4159 O,
3540 4096 3903 4146 childebertum
3930 4107 3982 4147 et
4019 4099 4125 4161 XY,
4170 4115 4268 4148 om.
4299 4101 4344 4148 A

1147 4177 1518 4246 heldebertum]
1557 4181 1722 4240 HAB,
1764 4181 2111 4241 heldepertum
2150 4167 2292 4238 PV⁶‚
2334 4181 2675 4229 heldibertum
2712 4183 2775 4240 Χ,
2820 4182 3159 4230 hildebertum
3205 4183 3255 4243 Y,
3297 4183 3630 4231 honustum
3667 4182 3755 4243 V‘,
3798 4198 3893 4232 om.
3932 4184 3974 4230 O
4209 4186 4411 4235 thiude-

1148 4262 1370 4331 bertum]
1406 4266 1474 4325 H,
1514 4267 1901 4327 thiudepertum
1939 4267 1996 4324 P,
2040 4268 2355 4328 thinpertum
2393 4267 2447 4326 V,
2490 4267 2829 4329 hiudipertum
2875 4267 2935 4326 O,
2976 4268 3318 4316 huidibertum
3356 4269 3418 4328 Β,
3460 4269 3838 4319 theodebertum
3877 4271 3983 4333 ΧΥ,
4028 4272 4414 4320 theudebertum

1154 4352 1211 4410 Z,
1253 4353 1597 4400 teodebertum
1634 4354 1680 4399 A
1937 4352 1998 4401 13
2038 4350 2151 4419 hac]
2191 4353 2345 4414 ΒΧΥ,
2387 4367 2444 4400 ac
2480 4354 2692 4412 HPAO,
2733 4369 2761 4401 a
2795 4353 2836 4398 V
3090 4352 3149 4402 14
3187 4355 3441 4402 concordia
3482 4355 3524 4402 O
3782 4354 3842 4404 15
3879 4357 4266 4405 decertauerunt
4301 4361 4343 4404 A

1150 4433 1551 4503 numquamque]
1589 4452 1858 4499 numquam
1891 4439 1948 4498 O,
1993 4447 2044 4486 et
2081 4452 2357 4500 numquam
2382 4438 2444 4497 Β,
2488 4453 2748 4500 nunquam
2784 4453 2836 4486 se
2865 4439 2914 4486 Χ
3065 4467 3070 4472 ·
3119 4442 3273 4488 cessit
3307 4443 3494 4488 francis
3521 4442 3565 4487 A
3780 4441 3842 4490 16
3877 4440 4211 4510 audefledam]
4246 4443 4410 4506 HPV,

1150 4524 1407 4572 audefleda
1436 4523 1540 4583 OB,
1584 4524 1826 4572 adelfleda
1856 4525 2003 4584 XYZ,
2048 4525 2266 4573 adofleda
2291 4525 2336 4572 A
2547 4540 2608 4575 ex
2647 4539 2782 4573 conc.
2822 4540 2917 4574 om.
2948 4526 2993 4572 A
3213 4525 3271 4574 17
3309 4533 3548 4586 genuerat
3574 4528 3619 4575 A
3827 4524 3984 4593 filias]
4019 4530 4056 4578 f.
4098 4530 4280 4578 habuit
4301 4530 4345 4577 Β

1151 4605 1457 4675 thiudigoto]
1493 4609 1657 4669 HPV,
1711 4610 1990 4670 tiudigotho
2027 4612 2089 4673 A,
2152 4611 2444 4660 theodicodo
2487 4609 2529 4657 Ο
2564 4617 2609 4659 et
2645 4615 2714 4659 sic
2750 4612 2942 4660 Paulus
2981 4614 3065 4670 15,
3108 4614 3191 4671 20,
3233 4612 3529 4661 theudicodo
3566 4614 3629 4674 B,
3670 4614 4001 4674 thiudigotam
4040 4617 4101 4676 X,
4145 4617 4415 4677 theudigo·

1148 4704 1252 4745 tam
1296 4697 1333 4743 Υ
1563 4697 1661 4743 alia
1703 4694 1745 4742 O
1977 4696 2307 4758 ostrogotham
2355 4697 2406 4758 Υ,
2450 4703 2744 4757 ostrogotam
2782 4698 2831 4744 Χ
3059 4712 3182 4759 quas
3217 4712 3314 4747 om.
3345 4700 3389 4745 A
3638 4698 3700 4749 18
3738 4697 3879 4766 mox]
3916 4716 4028 4749 mox
4067 4708 4125 4750 ut
4161 4703 4303 4750 ΑΒΧ
4313 4703 4355 4750 Υ

1144 4786 1200 4833 in
1238 4797 1335 4831 om.
1371 4783 1468 4829 AX
1481 4782 1561 4829 ΥΖ
1770 4783 1909 4830 italia
1951 4782 1993 4829 O
2200 4782 2255 4830 id
2292 4789 2370 4830 est
2404 4796 2500 4831 om.
2534 4786 2579 4830 A
2792 4783 3004 4831 halarico
3036 4784 3089 4845 V,
3134 4785 3287 4832 alario
3326 4784 3370 4832 P
3572 4787 3956 4847 uesegothorum
4000 4788 4057 4849 O,
4102 4790 4417 4849 uuisigotho-

1146 4883 1257 4917 rum
1296 4869 1394 4916 ΧΥ
1643 4866 1705 4916 19
1743 4864 2241 4934 burgundzonorum]
2279 4868 2439 4929 HPV,
2482 4869 2962 4928 bungundzonorum
3000 4855 3095 4929 Χὸ,
3138 4871 3564 4930 bungundzonum
3602 4871 3705 4934 X‘,
3745 4873 4160 4933 burgundzonum
4214 4876 4262 4937 Υ,
4304 4877 4416 4924 ber-

1147 4954 1511 5015 gundionorum
1556 4953 1672 5016 OZ,
1733 4954 2139 5014 burgundionum
2178 4954 2300 5014 AB,
2364 4954 2813 5014 Brungundionum
2853 4955 2989 5003 Frec.
3278 4957 3493 5004 halarico
3543 4958 3593 5016 V,
3659 4958 3864 5006 hilarico
3902 4959 4052 5008 Pauli
4087 4961 4199 5009 libri
4235 4962 4346 5011 boni

1148 5041 1410 5088 amalarius
1442 5040 1531 5088 OB
1741 5038 1806 5088 20
1844 5041 2159 5089 theodericus
2187 5039 2231 5086 P
2261 5039 2367 5100 (hic)
2581 5047 2789 5102 parante
2821 5040 2863 5087 O
3075 5038 3266 5107 orbato]
3290 5042 3590 5106 HPVOXZ,
3633 5045 3854 5093 orbatum
3880 5045 3972 5092 AB
3983 5047 4018 5093 Y
4226 5048 4286 5097 21
4327 5063 4416 5096 eu-

1148 5127 1331 5174 tarium
1374 5125 1415 5173 O
1625 5127 1897 5175 uuitherici
1922 5127 1967 5174 Β
2177 5121 2474 5190 beretmodi]
2510 5126 2716 5185 HPVA,
2761 5127 3074 5174 beretmuudl
3118 5127 3225 5188 OB,
3269 5129 3518 5176 heremodi
3557 5130 3618 5191 X,
3660 5131 3941 5179 herimundi
3993 5134 4035 5180 Υ
4235 5136 4414 5183 thoris-

1148 5207 1309 5277 modi]
1345 5212 1550 5274 HPVX,
1594 5214 1848 5261 torismodi
1886 5214 1949 5270 A,
1993 5211 2341 5260 thoresmundi
2379 5211 2441 5271 Β,
2486 5212 2794 5260 toresmundi
2835 5211 2893 5271 O,
2938 5212 3275 5262 thorismundi
3324 5215 3365 5261 Y

1329 5419 1371 5480 1)
1415 5418 1483 5479 cs.
1517 5421 1805 5481 Anonymua
1839 5419 2127 5465 Vale-§ianus
2155 5420 2251 5465 54.-
2291 5417 2379 5464 hoc
2417 5418 2621 5466 consule
2666 5421 2729 5476 (α.
2763 5420 2880 5479 491)
2924 5422 3053 5468 exiit
3087 5420 3339 5468 Odoachar
3376 5436 3464 5469 rex
3504 5422 3565 5469 de
3604 5423 3843 5472 Ravenna
3879 5431 4020 5473 nocte
4058 5441 4172 5474 cum
4211 5427 4417 5475 Herulis

1150 5507 1407 5564 ingressus
1443 5507 1498 5552 in
1536 5505 1715 5551 Pineta
1749 5506 1806 5551 in
1843 5505 2026 5551 fossato
2063 5504 2262 5564 patricii
2299 5503 2586 5551 Theoderici
2630 5541 2640 5552 .
2676 5542 2685 5551 .
2723 5542 2733 5553 .
2776 5512 2827 5553 et
2866 5508 3030 5553 victus
3067 5507 3318 5555 Odoachar
3352 5509 3484 5568 fugit
3523 5510 3763 5557 Ravenna
3800 5511 3969 5559 idibus
4004 5512 4172 5561 Iuliis.

1323 5588 1367 5650 2)
1413 5589 1485 5650 cs.
1521 5589 1844 5636 Continuator
1874 5589 2100 5648 Prospera·
2134 5589 2433 5636 Havnieneia
2470 5589 2536 5636 ad
2573 5606 2620 5637 a.
2655 5591 2791 5638 493.-
2830 5591 3086 5639 Odoachar
3122 5607 3294 5653 pacem
3333 5595 3394 5641 ab
3433 5594 3739 5644 Theudorico
3775 5597 4033 5657 postulans
4070 5599 4281 5662 accepit,
4322 5614 4418 5661 qua

1152 5689 1250 5724 non
1289 5676 1373 5722 diu
1413 5677 1604 5737 potitus
1642 5683 1720 5721 est
1760 5711 1771 5721 .
1806 5713 1816 5723 .
1851 5711 1863 5723 .
1907 5674 2242 5722 Theodoricus
2280 5689 2392 5746 cum
2430 5689 2602 5737 pacem
2640 5691 2753 5723 cum
2792 5676 3043 5724 Odoachar
3081 5678 3312 5739 fecisset,
3365 5682 3627 5739 ingressus
3670 5689 3749 5730 est
3787 5683 4009 5732 Classem
4048 5697 4136 5731 1111
4173 5687 4224 5735 k.
4267 5687 4412 5733 Mart.

1152 5776 1207 5809 ac
1241 5761 1423 5809 deinde
1459 5763 1715 5820 ingressus
1752 5768 1831 5808 est
1868 5761 2176 5819 Ravennam,
2218 5762 2352 5822 pacis
2390 5764 2556 5822 specie
2596 5762 2897 5811 Odoachrem
2934 5764 3206 5813 interfecit.

4450 1610 4502 1650 10

4452 2125 4503 2164 15

4449 2638 4505 2679 20
