4882 6775
1104 485 1222 546 138
2376 478 2736 534 IORDANIS
2775 479 3078 534 GETICA.

935 667 1052 731 LX
1097 671 1498 735 matrimonio
1558 671 1921 750 socia1·at¹).
2019 690 2287 751 cumque
2332 669 2433 732 his
2479 669 2662 732 novis
2721 668 2960 752 nuptiis
3021 667 3376 734 delectatus
3439 671 3654 734 aulam
3718 670 3959 752 regiam
4023 670 4182 734 fovit
4225 670 4356 733 Ra-

1093 794 1337 854 venna,
1407 775 1610 838 Roma
1667 791 1968 855 egressus
2040 772 2397 857 imperialis
2463 772 2781 835 exercitus
2843 772 3088 836 munita
3149 772 3479 854 utriusque
3535 772 3814 837 Tusciae
3874 773 4020 837 loca
4076 772 4349 836 invadit.

1094 877 1265 957 quod
1314 896 1580 941 cernens
1640 896 1755 959 per
1814 876 2075 939 nuntios
2120 876 2402 958 vitiges,
2473 894 2614 938 cum
2660 874 2903 938 Hunila
2948 874 3111 940 duce
3158 874 3511 940 Gothorum
3574 896 3765 939 manu
3823 875 4020 939 armis
4066 883 4358 940 conserta

926 979 1050 1038 312
1097 979 1286 1044 mittit
1342 979 1630 1044 Perusia.
1741 979 1849 1043 ubi
1909 978 2061 1042 dum
2122 978 2427 1060 Magnum
2491 978 2783 1042 comitem
2846 998 2989 1041 cum
3050 998 3249 1061 parvo
3311 978 3596 1043 exercitu
3676 978 4063 1044 residentem
4132 977 4358 1043 obses-

1095 1082 1272 1147 sione
1333 1083 1528 1163 longa
1583 1082 1863 1146 evellere
1925 1081 2223 1164 cupiunt,
2294 1081 2786 1165 superveniente
2833 1081 3119 1145 Romano
3181 1081 3463 1146 exercitu
3522 1081 3648 1165 ipsi
3709 1081 3917 1145 evulsi
3979 1087 4045 1145 et
4100 1081 4356 1145 omnino
4398 1098 4423 1134 ⁵

1094 1185 1354 1249 extincti
1417 1192 1581 1249 sunt.
1678 1184 1850 1267 quod
1910 1183 2183 1248 audiens
2226 1184 2493 1265 ‘Vitiges
2545 1191 2615 1248 ut
2673 1184 2774 1248 leo
2836 1182 3217 1249 furibundus
3277 1204 3529 1248 omnem
3593 1182 3942 1248 Gothorum
4005 1183 4355 1247 exercitum

1094 1293 1442 1370 congregat
1486 1289 1921 1370 Ravennaque
1967 1306 2270 1369 egressus
2316 1289 2637 1351 Romanas
2685 1307 2867 1351 arces
2914 1286 3248 1352 obsidione
3297 1288 3490 1370 longa
3535 1287 3783 1369 fatigat.
3881 1287 3998 1352 sed
4056 1287 4358 1351 frustrata

1093 1392 1233 1455 eius
1278 1390 1553 1455 audacia
1600 1398 1746 1475 post
1790 1391 2297 1473 quattuordecim
2345 1411 2601 1455 menses
2648 1391 2730 1454 ab
2777 1389 3111 1455 obsidione
3157 1392 3487 1455 Romanae
3536 1390 3712 1455 urbis
3759 1390 4014 1472 aufugit
4058 1399 4122 1455 et
4166 1410 4234 1455 se
4272 1390 4356 1455 ad

927 1496 1050 1556 313
1096 1494 1567 1559 Ariminensem
1614 1494 2095 1578 oppressionem
2142 1501 2504 1578 praeparat.
2603 1493 2772 1557 unde
2818 1493 2956 1576 pari
3004 1500 3221 1558 tenore
3260 1493 3600 1558 frustratus
3632 1494 4018 1575 fugatusque
4049 1495 4358 1558 Ravenna

1096 1617 1166 1661 sc
1215 1598 1487 1681 recepit:
1543 1598 1651 1662 ubi
1697 1599 2002 1662 obsessus
2047 1617 2166 1663 nec
2212 1618 2390 1661 mora
2435 1598 2602 1661 ultro
2650 1616 2719 1661 se
2765 1596 2850 1660 ad
2896 1603 3111 1680 partes
3158 1596 3340 1661 dedit
3380 1597 3638 1661 victoris
3682 1582 3828 1661 cium
3860 1597 4355 1662 Mathesuentha

1088 1699 1306 1782 iugale
1350 1700 1693 1782 regiasque
1755 1720 1933 1784 opes.
2029 1709 2093 1766 et
2154 1702 2244 1766 sic
2291 1701 2604 1765 famosum
2676 1721 2941 1782 regnum
3004 1700 3545 1783 fortissimamque
3591 1706 3847 1783 gentem
3908 1700 4146 1782 diuque
4209 1722 4356 1783 reg-

1088 1810 1347 1867 nantem
1393 1802 1649 1868 tandem
1699 1825 1861 1889 pene
1908 1805 2422 1869 duomilleusimo
2470 1811 2535 1868 et
2591 1804 2913 1868 tricesimo
2974 1823 3141 1867 anno
3187 1803 3390 1867 victor
3448 1804 3737 1886 gentium
3798 1803 4198 1868 diversarum
4247 1805 4354 1867 Iu-

1089 1906 1404 1970 stinianus
1450 1906 1798 1990 imperator
1855 1928 1968 1990 per
2011 1907 2462 1971 fidelissimum
2523 1907 2849 1971 consulem
2895 1907 3051 1970 vicit
3095 1906 3518 1987 Belesarium,
3571 1914 3637 1971 et
3680 1905 4055 1990 perductum
4105 1907 4354 1987 Vitiges

1090 2009 1716 2094 Constantinopolim
1764 2011 2018 2094 patricii
2062 2012 2298 2076 honore
2345 2011 2629 2075 donavit.
2726 2010 2833 2074 ubi
2881 2010 3030 2093 plus
3089 2010 3348 2075 biennio
3409 2010 3775 2074 demoratus
3819 2009 4352 2094 imperatorisque

922 2117 1041 2175 314
1092 2113 1158 2177 in
1202 2114 1435 2178 affectu
1485 2114 1860 2177 coniunctus
1907 2116 2097 2179 rebus
2144 2115 2425 2179 excessit
2470 2113 2788 2178 humanis.
2885 2114 3445 2178 Mathesuentham
3491 2134 3641 2177 vero
3686 2114 3970 2194 iugalem
4004 2114 4145 2179 eius
4177 2114 4353 2179 fratri
4431 2132 4456 2168 ⁵

1088 2235 1202 2280 suo
1250 2217 1570 2281 Germano
1635 2218 1904 2300 patricio
1952 2218 2281 2282 coniunxit
2327 2218 2690 2300 imperator.
2785 2216 2866 2281 de
2927 2217 3158 2299 quibus
3219 2225 3362 2301 post
3422 2217 3753 2281 humatum
3799 2217 3999 2301 patris
4048 2217 4349 2282 Germani

1086 2327 1277 2383 natus
1323 2326 1424 2385 est
1466 2320 1637 2384 filius
1682 2320 1853 2385 idem
1903 2320 2284 2385 Germanus.
2383 2321 2448 2384 in
2495 2341 2618 2404 quo
2665 2320 3003 2384 coniuncta
3032 2320 3401 2385 Aniciorum
3450 2341 3656 2403 genus
3704 2340 3845 2385 cum
3878 2320 4112 2384 Amaia
4155 2322 4351 2404 stirpe

1090 2443 1271 2507 spem
1317 2423 1528 2487 adhuc
1575 2424 1905 2505 utriusque
1952 2425 2176 2506 generi
2224 2424 2481 2488 domino
2528 2431 2893 2508 praestante
2941 2424 3271 2507 promittit.

921 2531 1044 2591 315
1264 2527 1442 2590 Haec
1470 2526 1802 2607 hucusque
1837 2527 2141 2591 Getarum
2174 2528 2353 2610 origo
2385 2548 2462 2591 ac
2493 2528 2864 2592 Amalorum
2895 2528 3198 2593 nobilitas
3230 2535 3295 2592 et
3325 2528 3599 2591 virorum
3632 2526 3884 2591 fortium
3917 2527 4112 2591 facta.
4193 2526 4353 2592 haec

1086 2628 1416 2693 laudanda
1459 2631 1800 2712 progenies
1849 2630 2259 2695 laudabiliori
2307 2631 2581 2715 principi
2628 2631 2821 2695 cessit
2867 2638 2931 2695 et
2977 2631 3221 2695 fortiori
3267 2630 3414 2695 duci
3446 2648 3676 2694 manus
3709 2629 3906 2709 dedit,
3964 2630 4147 2694 cuius
4178 2629 4351 2693 fama

1084 2731 1281 2796 nullis
1328 2732 1609 2796 saeculis
1655 2733 1983 2813 nullisque
2031 2734 2324 2798 silebitur
2381 2734 2739 2815 aetatibuS,
2793 2734 2910 2797 sed
2956 2734 3157 2799 victor
3201 2753 3278 2798 ac
3321 2732 3746 2817 triumphator
3790 2733 4187 2798 Iustinianus
4231 2735 4353 2797 im-

920 2840 1043 2899 316
1089 2842 1343 2917 perator
1403 2843 1468 2901 et
1526 2837 1745 2900 consul
1794 2837 2164 2901 Belesarius
2209 2836 2549 2901 Vandalici
2610 2836 2898 2900 Africani
2946 2836 3282 2919 Geticique
3344 2836 3655 2901 dicentur.
3767 2835 3928 2901 haec
3987 2836 4096 2917 qui
4157 2836 4344 2918 legis,

1086 2938 1244 3001 scito
1291 2958 1393 3002 me
1455 2938 1765 3003 maiorum
1829 2947 2117 3004 secutum
2165 2940 2418 3023 scriptis
2482 2960 2561 3003 ex
2626 2960 2841 3004 eorum
2904 2940 3224 3004 latissima
3281 2947 3467 3023 prata
3526 2959 3768 3023 paucos
3826 2938 4014 3005 flores
4077 2941 4340 3022 legisse,

1032 3088 1033 3127 3
1092 3041 1260 3106 unde
1323 3042 1665 3123 inquirenti
1726 3063 1839 3125 pro
1902 3050 2090 3126 captu
2151 3042 2398 3124 ingenii
2463 3043 2586 3107 mei
2647 3062 2941 3107 coronam
2991 3050 3351 3107 contexam.
3447 3063 3566 3108 nec
3611 3063 3712 3107 me
3758 3043 3901 3124 quis
3947 3043 4015 3106 in
4063 3043 4347 3107 favorem

1033 3156 1036 3201 l
1084 3144 1299 3227 gentis
1344 3145 1740 3228 praedictae,
1793 3145 1976 3227 quasi
2026 3166 2104 3210 ex
2152 3146 2295 3229 ipsa
2339 3147 2618 3212 trahenti
2652 3146 2987 3228 originem,
3041 3147 3260 3229 aliqua
3290 3146 3626 3210 addidisse
3661 3145 3900 3227 credat,
3954 3167 4147 3228 quam
4180 3166 4347 3228 quae
4428 3169 4451 3204 a

1065 3248 1215 3328 ,legi
1261 3256 1326 3313 et
1371 3249 1673 3332 comperi.
1768 3269 1888 3312 nec
1934 3249 1988 3311 si
2035 3256 2254 3313 tamen
2300 3258 2564 3331 cuncta,
2619 3270 2784 3330 quae
2835 3250 2916 3314 de
2962 3249 3124 3334 ipsis
3170 3250 3532 3315 scribuntur
3576 3257 3688 3314 aut
3732 3249 4125 3331 referuntur,
4180 3270 4351 3314 com-

1081 3351 1309 3435 plexus
1356 3371 1516 3432 sum,
1572 3372 1690 3417 nec
1735 3358 1978 3417 tantum
2027 3352 2112 3416 ad
2159 3373 2377 3418 eorum
2427 3352 2686 3418 laudem
2734 3359 3041 3436 quantum
3086 3352 3172 3418 ad
3206 3353 3462 3418 laudem
3497 3352 3632 3418 eius
3665 3352 3773 3435 qui
3807 3352 3959 3418 vicit
3990 3372 4344 3437 exponens.

1254 3579 1298 3624 P
1336 3579 1860 3641 vaonxffz).

1256 3699 1275 3746 1
1309 3701 1704 3747 matrimonium*
1736 3701 1794 3753 0,
1828 3702 2197 3748 matrimonium
2222 3701 2265 3746 Β
2432 3702 2639 3749 sociauit
2661 3703 2759 3747 ΧΥ
2916 3699 3150 3767 cumque]
3177 3715 3289 3748 cum
3311 3701 3450 3747 ΧΥΖ
3614 3697 3716 3766 his]
3741 3702 3783 3748 is
3808 3700 3865 3762 Ρ,
3896 3703 3970 3749 eis
4001 3702 4040 3748 V
4199 3700 4350 3768 fouit]

1081 3784 1237 3843 PVA,
1268 3787 1408 3833 sonet
1440 3785 1632 3831 ΟΒΧΥ
1789 3801 2057 3834 rauennam
2080 3789 2123 3832 A
2290 3786 2319 3834 2
2345 3801 2447 3834 rom
2461 3789 2554 3846 (ajie
2585 3787 2675 3832 ΟΒ
2841 3788 3048 3835 inundet
3078 3789 3120 3833 Ο
3283 3787 3311 3834 :3
3340 3787 3483 3834 unila
3514 3787 3572 3845 Ο,
3606 3789 3799 3835 nnilam
3827 3787 3872 3832 Β
4034 3789 4210 3835 ducem
4239 3789 4281 3834 Β

1080 3885 1281 3918 manum
1309 3874 1457 3918 armis
1484 3878 1759 3918 consertam
1780 3875 1873 3918 AX
1890 3873 1968 3919 YZ
2144 3873 2174 3920 4
2202 3870 2428 3937 perusia]
2461 3872 2616 3934 I’VZ,
2646 3875 2894 3935 perusiam
2922 3875 3064 3920 ΑΒΧ
3078 3875 3125 3935 Υ,
3158 3875 3433 3935 perausiam
3466 3873 3509 3916 ί)
3683 3869 3826 3938 dum]
3849 3887 3962 3919 cum
3989 3875 4033 3919 A
4199 3890 4348 3936 parua

1081 3959 1300 4004 exercito
1332 3957 1375 4002 0
1537 3958 1796 4005 obsidione
1825 3959 1869 4006 Ρ
2028 3960 2057 4005 5
2085 3961 2191 4020 ipse
2223 3958 2265 4004 O
2427 3959 2459 4006 6
2486 3961 2712 4006 exercitu
2747 3959 2789 4004 0
2956 3961 2983 4008 7
3013 3974 3383 4021 rauennamque
3415 3959 3550 4006 ΟΒΧ
3568 3960 3608 4006 Υ
3762 3960 3904 4020 longe
3929 3960 4002 4006 ΑΩ
4170 3963 4199 4009 S
4228 3962 4339 4010 aud.

1077 4045 1187 4090 eius
1215 4045 1261 4089 Χ
1431 4046 1836 4104 quattuordecem
1865 4045 1923 4104 P,
1955 4045 2339 4105 quatuordecem
2370 4045 2412 4090 Ο
2587 4047 2775 4093 mensis
2808 4045 2851 4090 Ο
3015 4060 3135 4094 rom.
3169 4047 3308 4093 urbis
3334 4060 3431 4094 om.
3461 4047 3506 4092 A
3682 4045 3712 4093 9
3739 4047 4042 4094 arimensem
4074 4047 4116 4092 O
4278 4049 4345 4094 ti-

1076 4143 1195 4177 nore
1226 4130 1268 4176 Ο
1442 4127 1688 4194 rauenna]
1714 4130 1951 4177 PVAOX
1964 4132 2060 4192 YZ,
2102 4145 2371 4178 rauennam
2402 4130 2445 4177 Β
2646 4132 2706 4178 10
2744 4134 2865 4180 uict.
2897 4133 3008 4180 ded.
3042 4132 3086 4178 Β
3269 4128 3678 4196 mathasuentha]
3705 4132 3796 4178 ΡΧ
3807 4133 3856 4192 Υ,
3901 4135 4253 4181 matesuentha
4279 4136 4339 4193 A,

1077 4217 1427 4265 mathesuenta
1454 4217 1511 4279 B,
1542 4217 1958 4264 matheseuentha
1991 4218 2042 4279 V,
2076 4224 2391 4264 matesuenta
2422 4217 2464 4260 0
2679 4217 2730 4265 11
2777 4215 2967 4282 iugale]
2995 4217 3098 4278 PV,
3130 4219 3285 4278 iogale
3324 4217 3383 4279 O,
3415 4219 3566 4277 iugali
3595 4219 3794 4264 ABXY
3960 4221 4211 4281 regiisque
4235 4223 4345 4282 opi-

1076 4304 1171 4348 bus
1198 4304 1291 4348 AX
1307 4304 1345 4348 Y
1512 4303 1701 4364 diuque
1729 4316 1866 4361 regn.
1896 4318 1992 4352 om.
2018 4305 2064 4350 X
2079 4303 2157 4349 ΥΖ
2336 4302 2395 4350 12
2434 4299 2659 4368 tandem]
2686 4305 2892 4350 eandem
2924 4305 3015 4351 OB
3189 4305 3616 4352 duodemillesimo
3643 4305 3687 4350 Β
3860 4307 4158 4353 trecensimo
4183 4306 4337 4366 Pisa,

1076 4388 1430 4435 trecentesimo
1457 4389 1564 4448 BY,
1596 4391 1939 4436 tricentesimo
1964 4391 2011 4435 X
2190 4388 2249 4437 13
2288 4391 2388 4438 bel.
2422 4391 2519 4437 uic.
2555 4389 2597 4434 Β
2778 4390 2838 4437 14
2880 4392 3176 4452 imperiique
3203 4392 3247 4436 A
3427 4389 3488 4438 15
3528 4388 3985 4457 mathesuentham]
4013 4392 4152 4439 PVX
4164 4394 4214 4454 Y,
4244 4407 4344 4438 ma·

1077 4460 1397 4522 ¹³hesuentam
1436 4476 1578 4521 ΑΘΒ
1789 4471 1952 4539 fratri]
1988 4478 2256 4536 requiritur
2294 4477 2524 4523 fratrueli
2568 4476 2654 4535 (cs.
2699 4476 2781 4537 77,
2829 4476 2906 4524 13.
2955 4476 3066 4537 123,
3110 4476 3159 4536 2)
3392 4475 3454 4524 1ss
3492 4481 3603 4537 post
3640 4473 3925 4541 humatum]
3963 4479 4262 4538 posthumus
4301 4479 4343 4524 Β

1080 4559 1139 4606 17
1180 4557 1335 4625 idem]
1373 4562 1423 4608 id
1462 4568 1537 4608 est
1582 4562 1642 4619 O,
1684 4564 1805 4609 item
1844 4562 1889 4607 Β
2115 4565 2441 4610 coniunctum
2481 4562 2620 4608 XYZ
2852 4565 3162 4611 anniciorum
3203 4565 3249 4609 X
3456 4560 3637 4628 genus]
3678 4562 3929 4624 PVXYZ,
3972 4579 4094 4622 gens
4132 4565 4276 4611 AOB

1076 4648 1235 4693 amale
1266 4647 1309 4692 Ο
1505 4646 1575 4695 18
1602 4645 1786 4712 adhuc]
1822 4649 1918 4695 huc
1944 4650 2004 4709 X,
2047 4649 2305 4709 hucusque
2344 4650 2385 4694 Υ
2565 4646 2758 4714 generi]
2798 4648 2900 4710 PV,
2944 4651 3144 4708 generis
3170 4649 3416 4695 AOBXY
3605 4649 3665 4697 19
3705 4651 3824 4696 haec
3859 4664 3953 4699 om.
3986 4650 4078 4697 ΟΒ
4263 4648 4341 4717 ac]

1076 4733 1164 4780 hac
1203 4734 1284 4779 VR
1466 4731 1759 4799 amalorum]
1797 4736 2035 4781 malorum
2079 4734 2121 4780 Ο
2311 4738 2420 4783 fort.
2468 4737 2566 4783 uir.
2609 4737 2655 4781 Α
2838 4733 2980 4801 haec]
3017 4735 3108 4782 hac
3134 4737 3195 4796 A,
3239 4751 3292 4782 ac
3328 4736 3372 4780 Β
3582 4734 3646 4783 20
3683 4737 3902 4798 principi
3940 4733 4114 4803 cessit]
4151 4739 4340 4800 princi·

1075 4822 1238 4881 pessit
1266 4821 1308 4866 0
1518 4820 1574 4870 21
1624 4818 1905 4886 nullisque]
1943 4823 2095 4869 nullis
2128 4822 2219 4867 OB
2428 4824 2660 4869 silibctnr
2702 4821 2760 4883 Ο,
2804 4822 3056 4869 delebitur
3095 4823 3137 4867 A
3348 4821 3412 4870 22
3450 4824 3770 4884 gueticique
3804 4823 3846 4869 Ο
4055 4823 4224 4870 dicent
4251 4826 4296 4870 Χ
4311 4825 4344 4869 Υ

1076 4907 1140 4955 23
1181 4913 1405 4954 secutum
1433 4905 1656 4973 scriptis]
1688 4908 1843 4966 PVO,
1884 4916 2111 4955 secutum
2141 4910 2323 4969 scripta
2352 4909 2443 4955 ΒΧ
2459 4910 2507 4969 Υ,
2550 4910 2733 4970 scripta
2760 4915 2989 4956 secutum
3016 4911 3059 4954 A
3239 4904 3327 4973 ex]
3363 4915 3415 4956 et
3439 4923 3502 4955 ex
3529 4896 3647 4955 AB¹¹
3821 4906 4018 4975 eorum]
4054 4924 4198 4957 orum
4231 4911 4274 4954 0

1073 4994 1320 5041 latissima
1356 5000 1494 5055 prata
1537 4996 1678 5054 (stata
1704 4994 1760 5056 P,
1804 5001 1971 5056 parata
2000 4991 2089 5059 0)]
2132 4995 2290 5058 PVO,
2333 4996 2594 5043 latissimis
2633 4997 2787 5057 pratis
2832 4997 3014 5057 (pratos
3053 4994 3146 5056 13⁰)
3187 4996 3332 5042 ABX
3347 4996 3423 5041 YZ
3632 4995 3696 5042 24
3737 4999 3836 5044 mei
3862 4997 3963 5054 ing.
3999 4997 4058 5056 Β,
4100 4998 4340 5056 ingenioli

1076 5081 1173 5126 mei
1211 5081 1255 5125 A
1465 5087 1751 5128 contextam
1789 5081 1883 5127 ΒΖ
2091 5081 2156 5129 25
2192 5084 2372 5144 traenti
2418 5083 2489 5132 O.
2546 5082 2828 5130 trahentem
2866 5083 2960 5129 ΑΒ
3170 5078 3363 5146 aliqua]
3399 5083 3496 5129 alia
3534 5083 3700 5143 aliqua
3737 5084 3781 5128 A
3993 5082 4255 5130 addedisse
4299 5083 4340 5126 Ο

1075 5165 1140 5213 26
1179 5162 1251 5231 et]
1287 5166 1379 5212 PV
1574 5174 1661 5215 aut
1697 5168 1946 5214 AOBXY
2135 5165 2201 5232 si]
2240 5168 2446 5228 PVOR,
2493 5171 2563 5216 sic
2602 5170 2709 5228 XY,
2752 5183 2848 5216 om.
2881 5172 2923 5215 A
3135 5167 3197 5215 27
3237 5164 3460 5233 tantum]
3501 5174 3670 5216 tamen
3712 5169 3753 5214 Β
3965 5169 4163 5216 laudem
4201 5166 4336 5234 eius]

1076 5253 1187 5299 eius
1212 5252 1354 5298 AOB
1544 5250 1692 5319 uicit]
1728 5255 1862 5301 uiuit
1902 5255 1979 5300 ΥΖ
2010 5255 2127 5316 {non
2152 5256 2223 5312 X>
2422 5256 2636 5314 explicit
2673 5255 2734 5301 de
2770 5256 3073 5315 antiquitate
3111 5259 3333 5313 getarum
3374 5262 3612 5315 actusque
3645 5256 3956 5316 (actibusque
3983 5255 4138 5314 XYZ)
4171 5269 4338 5302 eorum

1075 5353 1197 5400 quos
1234 5339 1424 5386 (lenicit
1457 5340 1765 5387 iustinianus
1792 5342 2061 5401 imperator
2085 5354 2173 5400 per
2199 5341 2397 5387 fidelem
2425 5343 2494 5388 rei
2530 5342 2648 5401 (regi
2683 5341 2739 5400 0)
2780 5342 3009 5402 publicae
3034 5341 3333 5387 belesarium
3367 5341 3686 5399 (belasarium
3717 5342 3774 5402 O)
3805 5342 4054 5388 consulem
4086 5341 4333 5403 PVOXZ,

1074 5426 1282 5486 explicit
1316 5425 1525 5473 historia
1560 5428 1777 5475 iordanis
1814 5429 2036 5488 episcopi
2074 5428 2135 5473 de
2160 5428 2461 5487 antiquitate
2489 5435 2540 5474 et
2565 5429 2760 5474 actibus
2793 5435 3014 5486 getarum
3057 5429 3102 5486 Υ,
3147 5428 3356 5488 explicit
3382 5427 3442 5474 de
3468 5429 3771 5488 antiquitate
3798 5433 4017 5487 getarum
4045 5430 4338 5490 actibusque

1073 5526 1241 5560 eorum
1280 5526 1401 5574 quos
1437 5513 1623 5559 deuicit
1660 5515 1967 5560 iustinianus
2004 5514 2268 5572 imperator
2306 5527 2394 5573 per
2432 5514 2629 5561 fidelem
2667 5516 2737 5561 rei
2777 5515 3002 5574 publicae
3039 5513 3326 5560 belisarium
3365 5514 3618 5561 consulem
3670 5514 3743 5560 Β.·
3799 5515 3941 5561 nulla
3976 5515 4160 5563 subscr.
4203 5518 4258 5562 in
4294 5517 4334 5561 A

1202 5701 1209 5704 Ἰ
1253 5702 1295 5762 l)
1338 5702 1406 5762 cf.
1455 5704 1781 5750 Continuntor
1821 5701 2099 5749 Marcellini
2133 5702 2200 5748 ad
2236 5719 2282 5748 a.
2326 5705 2461 5749 536:
2515 5704 2903 5763 Ravennamqne
2939 5705 3194 5762 ingressus
3233 5704 3630 5750 Matesuentham
3676 5709 3875 5764 neptem
3918 5705 4204 5752 Theoderici
4245 5707 4337 5753 sibi

1075 5791 1259 5836 sociam
1298 5792 1351 5836 in
1391 5803 1541 5847 regno
1580 5791 1692 5849 plus
1730 5790 1775 5835 vi
1816 5790 2015 5849 copulat
2051 5803 2199 5848 quam
2237 5803 2415 5849 amore,
2461 5792 2574 5836 item
2615 5790 2841 5837 Romana
2878 5803 2919 5837 c.
2960 5792 3081 5837 3723.

4399 1613 4457 1652 10

4393 2647 4453 2687 20
