<?xml version="1.0" encoding="UTF-8"?>
<!DOCTYPE html PUBLIC "-//W3C//DTD XHTML 1.0 Transitional//EN"
    "http://www.w3.org/TR/xhtml1/DTD/xhtml1-transitional.dtd">
<html xmlns="http://www.w3.org/1999/xhtml" xml:lang="en" lang="en">
 <head>
  <title>
</title>
<meta http-equiv="Content-Type" content="text/html;charset=utf-8" />
  <meta name='ocr-system' content='tesseract 3.04.00' />
  <meta name='ocr-capabilities' content='ocr_page ocr_carea ocr_par ocr_line ocrx_word'/>
</head>
<body>
  <div class='ocr_page' id='page_1' title='image "./romanaetgetica00mommgoog_0024.png"; bbox 0 0 4882 6775; ppageno 0'>
   <div class='ocr_carea' id='block_1_1' title="bbox 1110 437 2961 504">
    <p class='ocr_par' dir='ltr' id='par_1_1' title="bbox 1110 437 2961 504">
     <span class='ocr_line' id='line_1_1' title="bbox 1110 437 2961 504; baseline -0.001 -9"><span class='ocrx_word' id='word_1_1' title='bbox 1110 441 1237 504; x_wconf 86' lang='lat' dir='ltr'><strong>XX</strong></span> <span class='ocrx_word' id='word_1_2' title='bbox 2501 437 2961 493; x_wconf 78' lang='lat' dir='ltr'><strong>PROOEMIVM.</strong></span> 
     </span>
    </p>
   </div>
   <div class='ocr_carea' id='block_1_2' title="bbox 1520 661 4366 1347">
    <p class='ocr_par' dir='ltr' id='par_1_2' title="bbox 1520 661 4366 1347">
     <span class='ocr_line' id='line_1_2' title="bbox 1520 661 3704 747; baseline -0.001 -18"><span class='ocrx_word' id='word_1_3' title='bbox 1520 664 1911 729; x_wconf 87' lang='lat' dir='ltr'><strong>Theoderidi</strong></span> <span class='ocrx_word' id='word_1_4' title='bbox 1956 665 1988 728; x_wconf 97' lang='lat' dir='ltr'><strong>l</strong></span> <span class='ocrx_word' id='word_1_5' title='bbox 2031 664 2203 746; x_wconf 89' lang='lat' dir='ltr'><strong>regis</strong></span> <span class='ocrx_word' id='word_1_6' title='bbox 2248 663 2457 747; x_wconf 91' lang='lat' dir='ltr'><strong>prima</strong></span> <span class='ocrx_word' id='word_1_7' title='bbox 2500 684 2641 728; x_wconf 92' lang='lat' dir='ltr'><strong>cum</strong></span> <span class='ocrx_word' id='word_1_8' title='bbox 2689 662 2997 727; x_wconf 89' lang='lat' dir='ltr'><strong>Romanis</strong></span> <span class='ocrx_word' id='word_1_9' title='bbox 3040 661 3314 728; x_wconf 90' lang='lat' dir='ltr'><strong>dissidia</strong></span> <span class='ocrx_word' id='word_1_10' title='bbox 3364 666 3504 727; x_wconf 88' lang='grc'><strong>176.</strong></span> <span class='ocrx_word' id='word_1_11' title='bbox 3564 668 3704 728; x_wconf 85' lang='lat'>177.</span> 
     </span>
     <span class='ocr_line' id='line_1_3' title="bbox 1610 766 2903 832; baseline -0.002 -1"><span class='ocrx_word' id='word_1_12' title='bbox 1610 766 1853 832; x_wconf 88' lang='lat' dir='ltr'><strong>Attilae</strong></span> <span class='ocrx_word' id='word_1_13' title='bbox 1897 772 2129 832; x_wconf 88' lang='lat' dir='ltr'><strong>natura</strong></span> <span class='ocrx_word' id='word_1_14' title='bbox 2172 772 2238 832; x_wconf 90' lang='lat' dir='ltr'><strong>et</strong></span> <span class='ocrx_word' id='word_1_15' title='bbox 2280 786 2491 830; x_wconf 92' lang='lat' dir='ltr'><strong>mores</strong></span> <span class='ocrx_word' id='word_1_16' title='bbox 2546 768 2903 830; x_wconf 85' lang='grc'><strong>178-183.</strong></span> 
     </span>
     <span class='ocr_line' id='line_1_4' title="bbox 1609 868 4007 952; baseline -0.002 -17"><span class='ocrx_word' id='word_1_17' title='bbox 1609 870 2118 952; x_wconf 81' lang='lat' dir='ltr'><strong>vesegotharum</strong></span> <span class='ocrx_word' id='word_1_18' title='bbox 2165 890 2308 933; x_wconf 91' lang='lat' dir='ltr'><strong>cum</strong></span> <span class='ocrx_word' id='word_1_19' title='bbox 2353 869 2655 935; x_wconf 88' lang='lat' dir='ltr'><strong>Romanis</strong></span> <span class='ocrx_word' id='word_1_20' title='bbox 2701 868 2929 934; x_wconf 88' lang='lat' dir='ltr'><strong>foedus</strong></span> <span class='ocrx_word' id='word_1_21' title='bbox 2972 868 3286 933; x_wconf 87' lang='lat' dir='ltr'><strong>adversus</strong></span> <span class='ocrx_word' id='word_1_22' title='bbox 3331 868 3596 932; x_wconf 85' lang='lat' dir='ltr'><strong>Attilam</strong></span> <span class='ocrx_word' id='word_1_23' title='bbox 3650 872 4007 932; x_wconf 76' lang='lat'>184—191.</span> 
     </span>
     <span class='ocr_line' id='line_1_5' title="bbox 1609 970 3814 1058; baseline -0.002 -20"><span class='ocrx_word' id='word_1_24' title='bbox 1609 994 1829 1058; x_wconf 85' lang='lat' dir='ltr'><strong>pugna</strong></span> <span class='ocrx_word' id='word_1_25' title='bbox 1871 973 1936 1037; x_wconf 90' lang='lat' dir='ltr'><strong>in</strong></span> <span class='ocrx_word' id='word_1_26' title='bbox 1987 972 2229 1057; x_wconf 90' lang='lat' dir='ltr'><strong>campis</strong></span> <span class='ocrx_word' id='word_1_27' title='bbox 2275 971 2745 1051; x_wconf 77' lang='lat' dir='ltr'><strong>Catalaunicis:</strong></span> <span class='ocrx_word' id='word_1_28' title='bbox 2799 990 2969 1037; x_wconf 91' lang='lat' dir='ltr'><strong>mors</strong></span> <span class='ocrx_word' id='word_1_29' title='bbox 3012 970 3403 1036; x_wconf 89' lang='lat' dir='ltr'><strong>Theoderidi</strong></span> <span class='ocrx_word' id='word_1_30' title='bbox 3459 975 3814 1035; x_wconf 82' lang='grc'><strong>192--217,</strong></span> 
     </span>
     <span class='ocr_line' id='line_1_6' title="bbox 1523 1040 4366 1159; baseline -0.001 -18"><span class='ocrx_word' id='word_1_31' title='bbox 1523 1075 1934 1142; x_wconf 87' lang='lat' dir='ltr'><strong>Thorismudi</strong></span> <span class='ocrx_word' id='word_1_32' title='bbox 1979 1095 2083 1140; x_wconf 89' lang='lat' dir='ltr'><strong>res</strong></span> <span class='ocrx_word' id='word_1_33' title='bbox 2129 1082 2353 1159; x_wconf 79' lang='lat' dir='ltr'><strong>gestae</strong></span> <span class='ocrx_word' id='word_1_34' title='bbox 2400 1083 2466 1141; x_wconf 90' lang='lat' dir='ltr'><strong>et</strong></span> <span class='ocrx_word' id='word_1_35' title='bbox 2508 1095 2711 1153; x_wconf 82' lang='lat' dir='ltr'><strong>mors3</strong></span> <span class='ocrx_word' id='word_1_36' title='bbox 2767 1074 3171 1141; x_wconf 85' lang='lat' dir='ltr'><strong>continuatur</strong></span> <span class='ocrx_word' id='word_1_37' title='bbox 3213 1075 3366 1140; x_wconf 88' lang='lat' dir='ltr'><strong>item</strong></span> <span class='ocrx_word' id='word_1_38' title='bbox 3404 1076 3686 1140; x_wconf 86' lang='lat' dir='ltr'><strong>narratio</strong></span> <span class='ocrx_word' id='word_1_39' title='bbox 3717 1075 3798 1140; x_wconf 89' lang='lat' dir='ltr'><strong>de</strong></span> <span class='ocrx_word' id='word_1_40' title='bbox 3829 1076 4020 1140; x_wconf 90' lang='lat' dir='ltr'><strong>rebus</strong></span> <span class='ocrx_word' id='word_1_41' title='bbox 4050 1040 4134 1139; x_wconf 82' lang='lat' dir='ltr'><strong>ab</strong></span> <span class='ocrx_word' id='word_1_42' title='bbox 4165 1075 4366 1139; x_wconf 87' lang='lat' dir='ltr'><strong>Attila</strong></span> 
     </span>
     <span class='ocr_line' id='line_1_7' title="bbox 1609 1179 2220 1262; baseline -0.005 -17"><span class='ocrx_word' id='word_1_43' title='bbox 1609 1179 1812 1262; x_wconf 87' lang='lat' dir='ltr'><strong>gestis</strong></span> <span class='ocrx_word' id='word_1_44' title='bbox 1858 1181 2220 1243; x_wconf 84' lang='grc'><strong>218-228.</strong></span> 
     </span>
     <span class='ocr_line' id='line_1_8' title="bbox 1525 1282 2651 1347; baseline -0.002 0"><span class='ocrx_word' id='word_1_45' title='bbox 1525 1282 1972 1347; x_wconf 90' lang='lat' dir='ltr'><strong>Theoderidus</strong></span> <span class='ocrx_word' id='word_1_46' title='bbox 2016 1283 2080 1346; x_wconf 91' lang='grc' dir='ltr'>Π</span> <span class='ocrx_word' id='word_1_47' title='bbox 2125 1302 2239 1346; x_wconf 83' lang='lat' dir='ltr'><strong>rex</strong></span> <span class='ocrx_word' id='word_1_48' title='bbox 2285 1284 2651 1345; x_wconf 72' lang='lat'><strong>229—234.</strong></span> 
     </span>
    </p>
   </div>
   <div class='ocr_carea' id='block_1_3' title="bbox 1525 1383 4369 1675">
    <p class='ocr_par' dir='ltr' id='par_1_3' title="bbox 1525 1383 4369 1675">
     <span class='ocr_line' id='line_1_9' title="bbox 1525 1383 4369 1470; baseline 0 -20"><span class='ocrx_word' id='word_1_49' title='bbox 1525 1385 1841 1450; x_wconf 86' lang='lat' dir='ltr'><strong>Enrichus</strong></span> <span class='ocrx_word' id='word_1_50' title='bbox 1885 1405 2030 1459; x_wconf 75' lang='lat' dir='ltr'><strong>rex:</strong></span> <span class='ocrx_word' id='word_1_51' title='bbox 2100 1385 2290 1450; x_wconf 90' lang='lat' dir='ltr'><strong>simul</strong></span> <span class='ocrx_word' id='word_1_52' title='bbox 2351 1385 2751 1469; x_wconf 80' lang='lat' dir='ltr'><strong>explicantur</strong></span> <span class='ocrx_word' id='word_1_53' title='bbox 2810 1386 3261 1470; x_wconf 87' lang='lat' dir='ltr'><strong>imperatorum</strong></span> <span class='ocrx_word' id='word_1_54' title='bbox 3307 1383 3674 1450; x_wconf 78' lang='lat' dir='ltr'><strong>Occidentis</strong></span> <span class='ocrx_word' id='word_1_55' title='bbox 3734 1405 3775 1449; x_wconf 88' lang='lat' dir='ltr'><strong>a</strong></span> <span class='ocrx_word' id='word_1_56' title='bbox 3832 1392 4031 1451; x_wconf 87' lang='lat' dir='ltr'><strong>morte</strong></span> <span class='ocrx_word' id='word_1_57' title='bbox 4077 1386 4369 1450; x_wconf 88' lang='lat' dir='ltr'><strong>Valenti-</strong></span> 
     </span>
     <span class='ocr_line' id='line_1_10' title="bbox 1612 1488 4358 1571; baseline -0.001 -17"><span class='ocrx_word' id='word_1_58' title='bbox 1612 1490 1787 1555; x_wconf 87' lang='lat' dir='ltr'><strong>niani</strong></span> <span class='ocrx_word' id='word_1_59' title='bbox 1820 1490 1915 1553; x_wconf 89' lang='lat'><strong>111</strong></span> <span class='ocrx_word' id='word_1_60' title='bbox 1947 1488 2035 1554; x_wconf 89' lang='lat' dir='ltr'><strong>ad</strong></span> <span class='ocrx_word' id='word_1_61' title='bbox 2067 1490 2499 1571; x_wconf 84' lang='lat' dir='ltr'><strong>Augustulum</strong></span> <span class='ocrx_word' id='word_1_62' title='bbox 2530 1489 2708 1553; x_wconf 84' lang='lat' dir='ltr'><strong>vices</strong></span> <span class='ocrx_word' id='word_1_63' title='bbox 2722 1490 2824 1569; x_wconf 66' lang='lat'><strong>⁴⁷),</strong></span> <span class='ocrx_word' id='word_1_64' title='bbox 2876 1489 3029 1554; x_wconf 90' lang='lat' dir='ltr'><strong>item</strong></span> <span class='ocrx_word' id='word_1_65' title='bbox 3061 1508 3327 1571; x_wconf 86' lang='lat' dir='ltr'><strong>regnum</strong></span> <span class='ocrx_word' id='word_1_66' title='bbox 3363 1488 3636 1553; x_wconf 88' lang='lat' dir='ltr'><strong>Odoacri</strong></span> <span class='ocrx_word' id='word_1_67' title='bbox 3668 1491 4005 1552; x_wconf 76' lang='grc'><strong>235-244</strong></span> <span class='ocrx_word' id='word_1_68' title='bbox 4052 1488 4153 1569; x_wconf 87' lang='lat' dir='ltr'><strong>(cf.</strong></span> <span class='ocrx_word' id='word_1_69' title='bbox 4184 1491 4358 1570; x_wconf 66' lang='lat'>284).</span> 
     </span>
     <span class='ocr_line' id='line_1_11' title="bbox 1526 1590 3513 1675; baseline -0.003 -17"><span class='ocrx_word' id='word_1_70' title='bbox 1526 1592 1822 1658; x_wconf 89' lang='lat' dir='ltr'><strong>Alaricus</strong></span> <span class='ocrx_word' id='word_1_71' title='bbox 1869 1592 1932 1655; x_wconf 91' lang='lat'><strong>11</strong></span> <span class='ocrx_word' id='word_1_72' title='bbox 1977 1612 2089 1656; x_wconf 86' lang='lat' dir='ltr'><strong>rex</strong></span> <span class='ocrx_word' id='word_1_73' title='bbox 2134 1592 2643 1674; x_wconf 81' lang='lat' dir='ltr'><strong>vesegotharum</strong></span> <span class='ocrx_word' id='word_1_74' title='bbox 2690 1592 2953 1657; x_wconf 90' lang='lat' dir='ltr'><strong>ultimus</strong></span> <span class='ocrx_word' id='word_1_75' title='bbox 3001 1595 3124 1654; x_wconf 77' lang='lat'><strong>245</strong></span> <span class='ocrx_word' id='word_1_76' title='bbox 3182 1590 3285 1675; x_wconf 87' lang='lat' dir='ltr'><strong>(cf.</strong></span> <span class='ocrx_word' id='word_1_77' title='bbox 3338 1595 3513 1671; x_wconf 85' lang='grc'><strong>297).</strong></span> 
     </span>
    </p>
   </div>
   <div class='ocr_carea' id='block_1_4' title="bbox 2380 1866 3104 1950">
    <p class='ocr_par' dir='ltr' id='par_1_4' title="bbox 2380 1866 3104 1950">
     <span class='ocr_line' id='line_1_12' title="bbox 2380 1866 3104 1950; baseline -0.001 -19"><span class='ocrx_word' id='word_1_78' title='bbox 2380 1869 2509 1932; x_wconf 87' lang='lat' dir='ltr'><strong>Res</strong></span> <span class='ocrx_word' id='word_1_79' title='bbox 2555 1866 3104 1950; x_wconf 87' lang='lat' dir='ltr'><strong>Ostrogotharum.</strong></span> 
     </span>
    </p>
   </div>
   <div class='ocr_carea' id='block_1_5' title="bbox 1525 2056 4374 3259">
    <p class='ocr_par' dir='ltr' id='par_1_5' title="bbox 1525 2056 4374 3259">
     <span class='ocr_line' id='line_1_13' title="bbox 1525 2056 3754 2138; baseline -0 -17"><span class='ocrx_word' id='word_1_80' title='bbox 1525 2056 1920 2122; x_wconf 84' lang='lat' dir='ltr'><strong>Vinitharius</strong></span> <span class='ocrx_word' id='word_1_81' title='bbox 1965 2076 2080 2121; x_wconf 84' lang='lat' dir='ltr'><strong>rex</strong></span> <span class='ocrx_word' id='word_1_82' title='bbox 2124 2056 2324 2123; x_wconf 89' lang='lat' dir='ltr'><strong>vincit</strong></span> <span class='ocrx_word' id='word_1_83' title='bbox 2366 2058 2592 2138; x_wconf 89' lang='lat' dir='ltr'><strong>Antas‚</strong></span> <span class='ocrx_word' id='word_1_84' title='bbox 2647 2056 2923 2121; x_wconf 86' lang='lat' dir='ltr'><strong>vincitur</strong></span> <span class='ocrx_word' id='word_1_85' title='bbox 2966 2056 3048 2120; x_wconf 90' lang='lat' dir='ltr'><strong>ab</strong></span> <span class='ocrx_word' id='word_1_86' title='bbox 3093 2057 3345 2121; x_wconf 89' lang='lat' dir='ltr'><strong>Hunnis</strong></span> <span class='ocrx_word' id='word_1_87' title='bbox 3391 2059 3754 2120; x_wconf 78' lang='grc'><strong>246-249,</strong></span> 
     </span>
     <span class='ocr_line' id='line_1_14' title="bbox 1526 2159 2331 2226; baseline -0.002 0"><span class='ocrx_word' id='word_1_88' title='bbox 1526 2159 1978 2226; x_wconf 90' lang='lat' dir='ltr'><strong>Hunimundus</strong></span> <span class='ocrx_word' id='word_1_89' title='bbox 2022 2180 2136 2225; x_wconf 83' lang='lat' dir='ltr'><strong>rex</strong></span> <span class='ocrx_word' id='word_1_90' title='bbox 2184 2163 2331 2224; x_wconf 84' lang='lat'><strong>250.</strong></span> 
     </span>
     <span class='ocr_line' id='line_1_15' title="bbox 1527 2262 2265 2329; baseline -0.004 0"><span class='ocrx_word' id='word_1_91' title='bbox 1527 2262 1915 2329; x_wconf 89' lang='lat' dir='ltr'><strong>Thorismud</strong></span> <span class='ocrx_word' id='word_1_92' title='bbox 1960 2283 2074 2328; x_wconf 83' lang='lat' dir='ltr'><strong>rex</strong></span> <span class='ocrx_word' id='word_1_93' title='bbox 2120 2265 2265 2326; x_wconf 82' lang='lat'>250.</span> 
     </span>
     <span class='ocr_line' id='line_1_16' title="bbox 1525 2366 2648 2449; baseline -0.003 -18"><span class='ocrx_word' id='word_1_94' title='bbox 1525 2366 1961 2449; x_wconf 86' lang='lat' dir='ltr'><strong>interregnum</strong></span> <span class='ocrx_word' id='word_1_95' title='bbox 2007 2384 2099 2431; x_wconf 78' lang='lat' dir='ltr'><strong>XL</strong></span> <span class='ocrx_word' id='word_1_96' title='bbox 2143 2386 2454 2431; x_wconf 91' lang='lat' dir='ltr'><strong>annorum</strong></span> <span class='ocrx_word' id='word_1_97' title='bbox 2502 2368 2648 2429; x_wconf 92' lang='grc'><strong>251.</strong></span> 
     </span>
     <span class='ocr_line' id='line_1_17' title="bbox 1528 2470 2381 2535; baseline -0.001 -1"><span class='ocrx_word' id='word_1_98' title='bbox 1528 2470 1815 2535; x_wconf 87' lang='lat' dir='ltr'><strong>Valamir</strong></span> <span class='ocrx_word' id='word_1_99' title='bbox 1857 2491 1970 2535; x_wconf 84' lang='lat' dir='ltr'><strong>rex</strong></span> <span class='ocrx_word' id='word_1_100' title='bbox 2018 2471 2381 2533; x_wconf 88' lang='grc'><strong>252-276.</strong></span> 
     </span>
     <span class='ocr_line' id='line_1_18' title="bbox 1616 2572 3625 2655; baseline -0.003 -16"><span class='ocrx_word' id='word_1_101' title='bbox 1616 2594 1788 2639; x_wconf 90' lang='lat' dir='ltr'><strong>mors</strong></span> <span class='ocrx_word' id='word_1_102' title='bbox 1832 2573 2073 2639; x_wconf 86' lang='lat' dir='ltr'><strong>Attilae</strong></span> <span class='ocrx_word' id='word_1_103' title='bbox 2121 2580 2185 2638; x_wconf 88' lang='lat' dir='ltr'><strong>et</strong></span> <span class='ocrx_word' id='word_1_104' title='bbox 2231 2572 2566 2638; x_wconf 86' lang='lat' dir='ltr'><strong>dissolutio</strong></span> <span class='ocrx_word' id='word_1_105' title='bbox 2611 2572 2795 2655; x_wconf 90' lang='lat' dir='ltr'><strong>regni</strong></span> <span class='ocrx_word' id='word_1_106' title='bbox 2838 2573 3213 2637; x_wconf 89' lang='lat' dir='ltr'><strong>Hunnorum</strong></span> <span class='ocrx_word' id='word_1_107' title='bbox 3261 2574 3625 2634; x_wconf 83' lang='grc'><strong>254-263,</strong></span> 
     </span>
     <span class='ocr_line' id='line_1_19' title="bbox 1618 2672 4374 2760; baseline -0 -19"><span class='ocrx_word' id='word_1_108' title='bbox 1618 2675 1808 2742; x_wconf 90' lang='lat' dir='ltr'><strong>sedes</strong></span> <span class='ocrx_word' id='word_1_109' title='bbox 1853 2677 2230 2760; x_wconf 89' lang='lat' dir='ltr'><strong>populorum</strong></span> <span class='ocrx_word' id='word_1_110' title='bbox 2278 2675 2688 2741; x_wconf 85' lang='lat' dir='ltr'><strong>Gothicorum</strong></span> <span class='ocrx_word' id='word_1_111' title='bbox 2735 2674 2822 2740; x_wconf 87' lang='lat' dir='ltr'><strong>ad</strong></span> <span class='ocrx_word' id='word_1_112' title='bbox 2866 2675 3232 2739; x_wconf 88' lang='lat' dir='ltr'><strong>Danuvium</strong></span> <span class='ocrx_word' id='word_1_113' title='bbox 3277 2673 3675 2750; x_wconf 88' lang='lat' dir='ltr'><strong>inferiorem;</strong></span> <span class='ocrx_word' id='word_1_114' title='bbox 3740 2675 3810 2739; x_wconf 93' lang='lat' dir='ltr'><strong>in</strong></span> <span class='ocrx_word' id='word_1_115' title='bbox 3856 2672 3956 2739; x_wconf 91' lang='lat' dir='ltr'><strong>his</strong></span> <span class='ocrx_word' id='word_1_116' title='bbox 4001 2675 4083 2741; x_wconf 91' lang='lat' dir='ltr'><strong>de</strong></span> <span class='ocrx_word' id='word_1_117' title='bbox 4129 2674 4374 2757; x_wconf 91' lang='lat' dir='ltr'><strong>origine</strong></span> 
     </span>
     <span class='ocr_line' id='line_1_20' title="bbox 1707 2778 2398 2844; baseline -0.004 0"><span class='ocrx_word' id='word_1_118' title='bbox 1707 2778 1988 2844; x_wconf 86' lang='lat' dir='ltr'><strong>auctoris</strong></span> <span class='ocrx_word' id='word_1_119' title='bbox 2034 2781 2398 2843; x_wconf 83' lang='lat'>264—267.</span> 
     </span>
     <span class='ocr_line' id='line_1_21' title="bbox 1534 2880 3322 2966; baseline -0.002 -19"><span class='ocrx_word' id='word_1_120' title='bbox 1534 2881 1915 2948; x_wconf 90' lang='lat' dir='ltr'><strong>Thiudimer</strong></span> <span class='ocrx_word' id='word_1_121' title='bbox 1958 2903 2103 2948; x_wconf 84' lang='lat' dir='ltr'><strong>rex:</strong></span> <span class='ocrx_word' id='word_1_122' title='bbox 2155 2880 2601 2948; x_wconf 87' lang='lat' dir='ltr'><strong>Macedoniam</strong></span> <span class='ocrx_word' id='word_1_123' title='bbox 2647 2888 2914 2966; x_wconf 88' lang='lat' dir='ltr'><strong>occupat</strong></span> <span class='ocrx_word' id='word_1_124' title='bbox 2958 2883 3322 2944; x_wconf 83' lang='lat'><strong>277—288.</strong></span> 
     </span>
     <span class='ocr_line' id='line_1_22' title="bbox 1535 2984 2547 3052; baseline -0.003 -2"><span class='ocrx_word' id='word_1_125' title='bbox 1535 2984 1973 3052; x_wconf 88' lang='lat' dir='ltr'><strong>Theodericus</strong></span> <span class='ocrx_word' id='word_1_126' title='bbox 2019 3006 2134 3051; x_wconf 84' lang='lat' dir='ltr'><strong>rex</strong></span> <span class='ocrx_word' id='word_1_127' title='bbox 2180 2988 2547 3049; x_wconf 84' lang='lat'>289—304.</span> 
     </span>
     <span class='ocr_line' id='line_1_23' title="bbox 1535 3088 3093 3168; baseline -0.002 -15"><span class='ocrx_word' id='word_1_128' title='bbox 1535 3088 1947 3154; x_wconf 86' lang='lat' dir='ltr'><strong>Athalaricus</strong></span> <span class='ocrx_word' id='word_1_129' title='bbox 1992 3109 2134 3168; x_wconf 83' lang='lat' dir='ltr'><strong>rex3</strong></span> <span class='ocrx_word' id='word_1_130' title='bbox 2187 3088 2699 3154; x_wconf 83' lang='lat' dir='ltr'><strong>Amalasuentha</strong></span> <span class='ocrx_word' id='word_1_131' title='bbox 2745 3091 2891 3152; x_wconf 86' lang='lat'>305.</span> <span class='ocrx_word' id='word_1_132' title='bbox 2946 3090 3093 3151; x_wconf 93' lang='grc'><strong>306.</strong></span> 
     </span>
     <span class='ocr_line' id='line_1_24' title="bbox 1540 3190 3124 3259; baseline -0.002 -3"><span class='ocrx_word' id='word_1_133' title='bbox 1540 3191 1735 3258; x_wconf 86' lang='lat' dir='ltr'><strong>Gothi</strong></span> <span class='ocrx_word' id='word_1_134' title='bbox 1783 3192 2193 3259; x_wconf 87' lang='lat' dir='ltr'><strong>debellantur</strong></span> <span class='ocrx_word' id='word_1_135' title='bbox 2236 3193 2318 3257; x_wconf 87' lang='lat' dir='ltr'><strong>ab</strong></span> <span class='ocrx_word' id='word_1_136' title='bbox 2364 3190 2718 3257; x_wconf 88' lang='lat' dir='ltr'><strong>Iustiniano</strong></span> <span class='ocrx_word' id='word_1_137' title='bbox 2766 3193 3124 3255; x_wconf 76' lang='grc'><strong>307-314,</strong></span> 
     </span>
    </p>
   </div>
   <div class='ocr_carea' id='block_1_6' title="bbox 1539 3469 2244 3554">
    <p class='ocr_par' dir='ltr' id='par_1_6' title="bbox 1539 3469 2244 3554">
     <span class='ocr_line' id='line_1_25' title="bbox 1539 3469 2244 3554; baseline -0.001 -21"><span class='ocrx_word' id='word_1_138' title='bbox 1539 3469 1849 3554; x_wconf 89' lang='lat' dir='ltr'><strong>Epilogus</strong></span> <span class='ocrx_word' id='word_1_139' title='bbox 1896 3473 2041 3533; x_wconf 86' lang='lat'>315.</span> <span class='ocrx_word' id='word_1_140' title='bbox 2099 3472 2166 3532; x_wconf 85' lang='lat'><strong>3¹</strong></span> <span class='ocrx_word' id='word_1_141' title='bbox 2185 3475 2244 3532; x_wconf 84' lang='lat'><strong>6.</strong></span> 
     </span>
    </p>
   </div>
   <div class='ocr_carea' id='block_1_7' title="bbox 714 3741 4494 5391">
    <p class='ocr_par' dir='ltr' id='par_1_7' title="bbox 714 3741 4494 5270">
     <span class='ocr_line' id='line_1_26' title="bbox 714 3741 4386 3839; baseline 0.001 -33"><span class='ocrx_word' id='word_1_142' title='bbox 714 3745 1101 3839; x_wconf 52' lang='grc' dir='ltr'><strong>ιξῡῐιῗρῑῗξὶωξθὸ</strong></span> <span class='ocrx_word' id='word_1_143' title='bbox 1300 3742 1730 3824; x_wconf 74' lang='lat' dir='ltr'><strong>chronologia</strong></span> <span class='ocrx_word' id='word_1_144' title='bbox 1774 3743 1955 3825; x_wconf 90' lang='lat' dir='ltr'><strong>regni</strong></span> <span class='ocrx_word' id='word_1_145' title='bbox 1996 3743 2350 3808; x_wconf 85' lang='lat' dir='ltr'><strong>Gothorum</strong></span> <span class='ocrx_word' id='word_1_146' title='bbox 2395 3743 2664 3807; x_wconf 88' lang='lat' dir='ltr'><strong>vertitur</strong></span> <span class='ocrx_word' id='word_1_147' title='bbox 2705 3742 2771 3806; x_wconf 92' lang='lat' dir='ltr'><strong>in</strong></span> <span class='ocrx_word' id='word_1_148' title='bbox 2818 3741 3204 3826; x_wconf 82' lang='lat' dir='ltr'><strong>explicando</strong></span> <span class='ocrx_word' id='word_1_149' title='bbox 3250 3761 3511 3806; x_wconf 89' lang='lat' dir='ltr'><strong>numero</strong></span> <span class='ocrx_word' id='word_1_150' title='bbox 3557 3761 3864 3806; x_wconf 91' lang='lat' dir='ltr'><strong>annorum</strong></span> <span class='ocrx_word' id='word_1_151' title='bbox 3911 3761 4182 3824; x_wconf 73' lang='lat' dir='ltr'><strong>mrxxx,</strong></span> <span class='ocrx_word' id='word_1_152' title='bbox 4235 3749 4386 3827; x_wconf 91' lang='lat' dir='ltr'><strong>quot</strong></span> 
     </span>
     <span class='ocr_line' id='line_1_27' title="bbox 934 3846 4382 3945; baseline -0 -17"><span class='ocrx_word' id='word_1_153' title='bbox 934 3849 997 3889; x_wconf 67' lang='lat'><strong>⁶⁰</strong></span> <span class='ocrx_word' id='word_1_154' title='bbox 1000 3846 1078 3887; x_wconf 69' lang='lat'><strong>²¹⁰¹</strong></span> <span class='ocrx_word' id='word_1_155' title='bbox 1083 3857 1466 3929; x_wconf 73' lang='lat' dir='ltr'><strong>¹&#39;duravisse</strong></span> <span class='ocrx_word' id='word_1_156' title='bbox 1514 3883 1777 3945; x_wconf 88' lang='lat' dir='ltr'><strong>regnum</strong></span> <span class='ocrx_word' id='word_1_157' title='bbox 1825 3862 2176 3926; x_wconf 85' lang='lat' dir='ltr'><strong>Gothorum</strong></span> <span class='ocrx_word' id='word_1_158' title='bbox 2223 3862 2531 3927; x_wconf 89' lang='lat' dir='ltr'><strong>Iordanes</strong></span> <span class='ocrx_word' id='word_1_159' title='bbox 2576 3863 2668 3927; x_wconf 90' lang='lat' dir='ltr'><strong>ait</strong></span> <span class='ocrx_word' id='word_1_160' title='bbox 2713 3883 2765 3926; x_wconf 91' lang='lat' dir='ltr'><strong>c.</strong></span> <span class='ocrx_word' id='word_1_161' title='bbox 2822 3867 2925 3944; x_wconf 85' lang='grc'><strong>60,</strong></span> <span class='ocrx_word' id='word_1_162' title='bbox 2981 3863 3104 3924; x_wconf 88' lang='grc'><strong>313</strong></span> <span class='ocrx_word' id='word_1_163' title='bbox 3152 3867 3408 3926; x_wconf 89' lang='lat' dir='ltr'><strong>secutus</strong></span> <span class='ocrx_word' id='word_1_164' title='bbox 3455 3861 3593 3925; x_wconf 88' lang='lat' dir='ltr'><strong>sine</strong></span> <span class='ocrx_word' id='word_1_165' title='bbox 3640 3861 3834 3927; x_wconf 90' lang='lat' dir='ltr'><strong>dubio</strong></span> <span class='ocrx_word' id='word_1_166' title='bbox 3878 3882 4175 3927; x_wconf 89' lang='lat' dir='ltr'><strong>numeros</strong></span> <span class='ocrx_word' id='word_1_167' title='bbox 4221 3863 4382 3928; x_wconf 87' lang='lat' dir='ltr'><strong>Cas-</strong></span> 
     </span>
     <span class='ocr_line' id='line_1_28' title="bbox 1130 3980 4383 4066; baseline -0.001 -18"><span class='ocrx_word' id='word_1_168' title='bbox 1130 3983 1551 4062; x_wconf 89' lang='lat' dir='ltr'><strong>siodorianos,</strong></span> <span class='ocrx_word' id='word_1_169' title='bbox 1607 3982 1687 4047; x_wconf 93' lang='lat' dir='ltr'><strong>de</strong></span> <span class='ocrx_word' id='word_1_170' title='bbox 1734 4001 1850 4047; x_wconf 90' lang='lat' dir='ltr'><strong>suo</strong></span> <span class='ocrx_word' id='word_1_171' title='bbox 1895 3981 2164 4047; x_wconf 90' lang='lat' dir='ltr'><strong>adiectis</strong></span> <span class='ocrx_word' id='word_1_172' title='bbox 2210 3983 2395 4046; x_wconf 89' lang='lat' dir='ltr'><strong>annis</strong></span> <span class='ocrx_word' id='word_1_173' title='bbox 2443 3983 2551 4064; x_wconf 92' lang='lat' dir='ltr'><strong>qui</strong></span> <span class='ocrx_word' id='word_1_174' title='bbox 2597 4004 2637 4046; x_wconf 90' lang='lat' dir='ltr'><strong>a</strong></span> <span class='ocrx_word' id='word_1_175' title='bbox 2681 3991 2881 4047; x_wconf 87' lang='lat' dir='ltr'><strong>morte</strong></span> <span class='ocrx_word' id='word_1_176' title='bbox 2927 3980 3309 4047; x_wconf 84' lang='lat' dir='ltr'><strong>Theoderici</strong></span> <span class='ocrx_word' id='word_1_177' title='bbox 3367 3985 3446 4064; x_wconf 84' lang='lat' dir='ltr'><strong>(a.</strong></span> <span class='ocrx_word' id='word_1_178' title='bbox 3486 3983 3628 4062; x_wconf 84' lang='lat'>526)</span> <span class='ocrx_word' id='word_1_179' title='bbox 3686 3982 3771 4048; x_wconf 90' lang='lat' dir='ltr'><strong>ad</strong></span> <span class='ocrx_word' id='word_1_180' title='bbox 3817 3990 4074 4066; x_wconf 89' lang='lat' dir='ltr'><strong>captum</strong></span> <span class='ocrx_word' id='word_1_181' title='bbox 4107 3983 4383 4065; x_wconf 86' lang='lat' dir='ltr'><strong>Vitigem</strong></span> 
     </span>
     <span class='ocr_line' id='line_1_29' title="bbox 1141 4089 4385 4186; baseline 0 -18"><span class='ocrx_word' id='word_1_182' title='bbox 1141 4108 1220 4185; x_wconf 82' lang='lat' dir='ltr'><strong>(a.</strong></span> <span class='ocrx_word' id='word_1_183' title='bbox 1275 4105 1419 4185; x_wconf 80' lang='lat'>540)</span> <span class='ocrx_word' id='word_1_184' title='bbox 1474 4102 1814 4167; x_wconf 84' lang='lat' dir='ltr'><strong>fluxerunt.</strong></span> <span class='ocrx_word' id='word_1_185' title='bbox 1910 4124 2097 4186; x_wconf 87' lang='lat' dir='ltr'><strong>quem</strong></span> <span class='ocrx_word' id='word_1_186' title='bbox 2159 4089 2492 4167; x_wconf 86' lang='lat' dir='ltr'><strong>numerum</strong></span> <span class='ocrx_word' id='word_1_187' title='bbox 2551 4124 2692 4168; x_wconf 91' lang='lat' dir='ltr'><strong>cum</strong></span> <span class='ocrx_word' id='word_1_188' title='bbox 2757 4102 3031 4166; x_wconf 89' lang='lat' dir='ltr'><strong>dubitari</strong></span> <span class='ocrx_word' id='word_1_189' title='bbox 3091 4108 3370 4184; x_wconf 88' lang='lat' dir='ltr'><strong>nequeat</strong></span> <span class='ocrx_word' id='word_1_190' title='bbox 3428 4109 3716 4185; x_wconf 87' lang='lat' dir='ltr'><strong>aptatum</strong></span> <span class='ocrx_word' id='word_1_191' title='bbox 3777 4122 3921 4167; x_wconf 91' lang='lat' dir='ltr'><strong>esse</strong></span> <span class='ocrx_word' id='word_1_192' title='bbox 3980 4103 4065 4167; x_wconf 88' lang='lat' dir='ltr'><strong>ad</strong></span> <span class='ocrx_word' id='word_1_193' title='bbox 4119 4104 4385 4168; x_wconf 91' lang='lat' dir='ltr'><strong>chrono-</strong></span> 
     </span>
     <span class='ocr_line' id='line_1_30' title="bbox 1131 4221 4389 4308; baseline 0 -22"><span class='ocrx_word' id='word_1_194' title='bbox 1131 4223 1468 4308; x_wconf 87' lang='lat' dir='ltr'><strong>graphiam</strong></span> <span class='ocrx_word' id='word_1_195' title='bbox 1517 4243 1596 4288; x_wconf 90' lang='lat' dir='ltr'><strong>ea</strong></span> <span class='ocrx_word' id='word_1_196' title='bbox 1638 4229 1849 4287; x_wconf 90' lang='lat' dir='ltr'><strong>aetate</strong></span> <span class='ocrx_word' id='word_1_197' title='bbox 1895 4230 2218 4307; x_wconf 87' lang='lat' dir='ltr'><strong>receptam</strong></span> <span class='ocrx_word' id='word_1_198' title='bbox 2251 4223 2838 4305; x_wconf 87' lang='lat' dir='ltr'><strong>Hieronymianam,</strong></span> <span class='ocrx_word' id='word_1_199' title='bbox 2893 4221 3243 4287; x_wconf 85' lang='lat' dir='ltr'><strong>Gothorum</strong></span> <span class='ocrx_word' id='word_1_200' title='bbox 3290 4242 3512 4305; x_wconf 88' lang='lat' dir='ltr'><strong>regum</strong></span> <span class='ocrx_word' id='word_1_201' title='bbox 3557 4222 3938 4307; x_wconf 86' lang='lat' dir='ltr'><strong>principium</strong></span> <span class='ocrx_word' id='word_1_202' title='bbox 3983 4223 4076 4288; x_wconf 89' lang='lat' dir='ltr'><strong>ita</strong></span> <span class='ocrx_word' id='word_1_203' title='bbox 4119 4222 4389 4288; x_wconf 89' lang='lat' dir='ltr'><strong>refertur</strong></span> 
     </span>
     <span class='ocr_line' id='line_1_31' title="bbox 1131 4341 4389 4426; baseline -0 -18"><span class='ocrx_word' id='word_1_204' title='bbox 1131 4343 1218 4409; x_wconf 88' lang='lat' dir='ltr'><strong>ad</strong></span> <span class='ocrx_word' id='word_1_205' title='bbox 1261 4364 1498 4408; x_wconf 91' lang='lat' dir='ltr'><strong>annum</strong></span> <span class='ocrx_word' id='word_1_206' title='bbox 1545 4365 1605 4407; x_wconf 92' lang='lat' dir='ltr'><strong>a.</strong></span> <span class='ocrx_word' id='word_1_207' title='bbox 1661 4343 1808 4409; x_wconf 89' lang='lat' dir='ltr'><strong>Chr.</strong></span> <span class='ocrx_word' id='word_1_208' title='bbox 1871 4346 2066 4426; x_wconf 81' lang='lat'>1490,</span> <span class='ocrx_word' id='word_1_209' title='bbox 2132 4345 2431 4408; x_wconf 87' lang='lat' dir='ltr'><strong>Abrahae</strong></span> <span class='ocrx_word' id='word_1_210' title='bbox 2481 4346 2628 4406; x_wconf 90' lang='grc'><strong>527.</strong></span> <span class='ocrx_word' id='word_1_211' title='bbox 2721 4348 2789 4407; x_wconf 89' lang='lat' dir='ltr'><strong>at</strong></span> <span class='ocrx_word' id='word_1_212' title='bbox 2842 4343 2923 4406; x_wconf 89' lang='lat' dir='ltr'><strong>ab</strong></span> <span class='ocrx_word' id='word_1_213' title='bbox 2982 4362 3057 4407; x_wconf 94' lang='lat' dir='ltr'><strong>eo</strong></span> <span class='ocrx_word' id='word_1_214' title='bbox 3116 4362 3282 4406; x_wconf 86' lang='lat' dir='ltr'><strong>anno</strong></span> <span class='ocrx_word' id='word_1_215' title='bbox 3342 4341 3573 4423; x_wconf 90' lang='lat' dir='ltr'><strong>quibus</strong></span> <span class='ocrx_word' id='word_1_216' title='bbox 3635 4342 3897 4426; x_wconf 85' lang='lat' dir='ltr'><strong>epochis</strong></span> <span class='ocrx_word' id='word_1_217' title='bbox 3942 4342 4389 4408; x_wconf 88' lang='lat' dir='ltr'><strong>Cassiodorius</strong></span> 
     </span>
     <span class='ocr_line' id='line_1_32' title="bbox 1131 4461 4385 4547; baseline -0 -18"><span class='ocrx_word' id='word_1_218' title='bbox 1131 4471 1433 4529; x_wconf 87' lang='lat' dir='ltr'><strong>auctorve</strong></span> <span class='ocrx_word' id='word_1_219' title='bbox 1490 4462 1631 4527; x_wconf 91' lang='lat' dir='ltr'><strong>eius</strong></span> <span class='ocrx_word' id='word_1_220' title='bbox 1699 4465 1866 4544; x_wconf 89' lang='lat' dir='ltr'><strong>(nam</strong></span> <span class='ocrx_word' id='word_1_221' title='bbox 1928 4484 2071 4528; x_wconf 91' lang='lat' dir='ltr'><strong>eum</strong></span> <span class='ocrx_word' id='word_1_222' title='bbox 2127 4463 2192 4528; x_wconf 91' lang='lat' dir='ltr'><strong>in</strong></span> <span class='ocrx_word' id='word_1_223' title='bbox 2235 4463 2337 4528; x_wconf 91' lang='lat' dir='ltr'><strong>his</strong></span> <span class='ocrx_word' id='word_1_224' title='bbox 2383 4462 2664 4547; x_wconf 88' lang='lat' dir='ltr'><strong>pendere</strong></span> <span class='ocrx_word' id='word_1_225' title='bbox 2708 4463 2791 4527; x_wconf 89' lang='lat' dir='ltr'><strong>ab</strong></span> <span class='ocrx_word' id='word_1_226' title='bbox 2838 4462 3115 4527; x_wconf 89' lang='lat' dir='ltr'><strong>Ablabio</strong></span> <span class='ocrx_word' id='word_1_227' title='bbox 3161 4461 3491 4546; x_wconf 85' lang='lat' dir='ltr'><strong>probabile</strong></span> <span class='ocrx_word' id='word_1_228' title='bbox 3537 4466 3654 4544; x_wconf 78' lang='lat' dir='ltr'><strong>est)</strong></span> <span class='ocrx_word' id='word_1_229' title='bbox 3724 4461 3809 4525; x_wconf 87' lang='lat' dir='ltr'><strong>ad</strong></span> <span class='ocrx_word' id='word_1_230' title='bbox 3869 4481 4052 4527; x_wconf 91' lang='lat' dir='ltr'><strong>suam</strong></span> <span class='ocrx_word' id='word_1_231' title='bbox 4110 4469 4385 4528; x_wconf 87' lang='lat' dir='ltr'><strong>aetatem</strong></span> 
     </span>
     <span class='ocr_line' id='line_1_33' title="bbox 1131 4581 4391 4669; baseline -0.002 -18"><span class='ocrx_word' id='word_1_232' title='bbox 1131 4584 1522 4669; x_wconf 74' lang='lat' dir='ltr'><strong>pervenerit,</strong></span> <span class='ocrx_word' id='word_1_233' title='bbox 1592 4583 1779 4648; x_wconf 85' lang='lat' dir='ltr'><strong>exilis</strong></span> <span class='ocrx_word' id='word_1_234' title='bbox 1837 4603 2003 4665; x_wconf 87' lang='lat' dir='ltr'><strong>quae</strong></span> <span class='ocrx_word' id='word_1_235' title='bbox 2060 4591 2355 4668; x_wconf 86' lang='lat' dir='ltr'><strong>superest</strong></span> <span class='ocrx_word' id='word_1_236' title='bbox 2411 4584 2691 4668; x_wconf 89' lang='lat' dir='ltr'><strong>epitoma</strong></span> <span class='ocrx_word' id='word_1_237' title='bbox 2751 4603 2876 4646; x_wconf 92' lang='lat' dir='ltr'><strong>non</strong></span> <span class='ocrx_word' id='word_1_238' title='bbox 2921 4583 3162 4665; x_wconf 78' lang='lat' dir='ltr'><strong>aperit,</strong></span> <span class='ocrx_word' id='word_1_239' title='bbox 3234 4602 3617 4664; x_wconf 88' lang='lat' dir='ltr'><strong>quamquam</strong></span> <span class='ocrx_word' id='word_1_240' title='bbox 3664 4581 4091 4647; x_wconf 88' lang='lat' dir='ltr'><strong>narrationem</strong></span> <span class='ocrx_word' id='word_1_241' title='bbox 4135 4582 4202 4647; x_wconf 92' lang='lat' dir='ltr'><strong>in</strong></span> <span class='ocrx_word' id='word_1_242' title='bbox 4247 4584 4391 4647; x_wconf 91' lang='lat' dir='ltr'><strong>uni-</strong></span> 
     </span>
     <span class='ocr_line' id='line_1_34' title="bbox 1131 4701 4388 4789; baseline -0.001 -18"><span class='ocrx_word' id='word_1_243' title='bbox 1131 4724 1387 4771; x_wconf 88' lang='lat' dir='ltr'><strong>versum</strong></span> <span class='ocrx_word' id='word_1_244' title='bbox 1433 4711 1701 4789; x_wconf 88' lang='lat' dir='ltr'><strong>apparet</strong></span> <span class='ocrx_word' id='word_1_245' title='bbox 1743 4704 2062 4788; x_wconf 90' lang='lat' dir='ltr'><strong>respicere</strong></span> <span class='ocrx_word' id='word_1_246' title='bbox 2109 4703 2403 4769; x_wconf 87' lang='lat' dir='ltr'><strong>cardines</strong></span> <span class='ocrx_word' id='word_1_247' title='bbox 2450 4724 2529 4768; x_wconf 89' lang='lat' dir='ltr'><strong>ea</strong></span> <span class='ocrx_word' id='word_1_248' title='bbox 2573 4709 2786 4768; x_wconf 87' lang='lat' dir='ltr'><strong>aetate</strong></span> <span class='ocrx_word' id='word_1_249' title='bbox 2832 4710 3143 4786; x_wconf 89' lang='lat' dir='ltr'><strong>receptos.</strong></span> <span class='ocrx_word' id='word_1_250' title='bbox 3239 4701 3619 4766; x_wconf 87' lang='lat' dir='ltr'><strong>coniecturis</strong></span> <span class='ocrx_word' id='word_1_251' title='bbox 3677 4701 4213 4787; x_wconf 89' lang='lat' dir='ltr'><strong>computationem</strong></span> <span class='ocrx_word' id='word_1_252' title='bbox 4273 4702 4388 4768; x_wconf 89' lang='lat' dir='ltr'><strong>de-</strong></span> 
     </span>
     <span class='ocr_line' id='line_1_35' title="bbox 1131 4821 4386 4911; baseline -0.001 -21"><span class='ocrx_word' id='word_1_253' title='bbox 1131 4825 1446 4910; x_wconf 88' lang='lat' dir='ltr'><strong>perditam</strong></span> <span class='ocrx_word' id='word_1_254' title='bbox 1504 4826 1806 4911; x_wconf 89' lang='lat' dir='ltr'><strong>supplere</strong></span> <span class='ocrx_word' id='word_1_255' title='bbox 1868 4832 1937 4889; x_wconf 89' lang='lat' dir='ltr'><strong>ut</strong></span> <span class='ocrx_word' id='word_1_256' title='bbox 1996 4824 2121 4889; x_wconf 91' lang='lat' dir='ltr'><strong>mei</strong></span> <span class='ocrx_word' id='word_1_257' title='bbox 2181 4824 2375 4889; x_wconf 85' lang='lat' dir='ltr'><strong>officii</strong></span> <span class='ocrx_word' id='word_1_258' title='bbox 2429 4844 2553 4887; x_wconf 91' lang='lat' dir='ltr'><strong>non</strong></span> <span class='ocrx_word' id='word_1_259' title='bbox 2614 4831 2741 4904; x_wconf 88' lang='lat' dir='ltr'><strong>est⁷</strong></span> <span class='ocrx_word' id='word_1_260' title='bbox 2809 4823 2904 4887; x_wconf 86' lang='lat' dir='ltr'><strong>ita</strong></span> <span class='ocrx_word' id='word_1_261' title='bbox 2957 4821 3276 4905; x_wconf 87' lang='lat' dir='ltr'><strong>adscripsi</strong></span> <span class='ocrx_word' id='word_1_262' title='bbox 3337 4821 3884 4906; x_wconf 89' lang='lat' dir='ltr'><strong>elegantissimam</strong></span> <span class='ocrx_word' id='word_1_263' title='bbox 3931 4824 4386 4889; x_wconf 86' lang='lat' dir='ltr'><strong>restitutionem</strong></span> 
     </span>
     <span class='ocr_line' id='line_1_36' title="bbox 1136 4925 4494 5029; baseline -0.001 -19"><span class='ocrx_word' id='word_1_264' title='bbox 1136 4945 1566 5010; x_wconf 88' lang='lat' dir='ltr'><strong>Gutscbmidii</strong></span> <span class='ocrx_word' id='word_1_265' title='bbox 1610 4967 1673 5029; x_wconf 91' lang='lat' dir='ltr'><strong>p.</strong></span> <span class='ocrx_word' id='word_1_266' title='bbox 1735 4949 2067 5008; x_wconf 73' lang='lat'>141—148</span> <span class='ocrx_word' id='word_1_267' title='bbox 2115 4944 2341 5029; x_wconf 90' lang='lat' dir='ltr'><strong>paucis</strong></span> <span class='ocrx_word' id='word_1_268' title='bbox 2387 4943 2659 5008; x_wconf 89' lang='lat' dir='ltr'><strong>adiectis</strong></span> <span class='ocrx_word' id='word_1_269' title='bbox 2702 4963 2827 5008; x_wconf 90' lang='lat' dir='ltr'><strong>non</strong></span> <span class='ocrx_word' id='word_1_270' title='bbox 2876 4943 3071 5024; x_wconf 88' lang='lat' dir='ltr'><strong>meis,</strong></span> <span class='ocrx_word' id='word_1_271' title='bbox 3133 4942 3250 5007; x_wconf 91' lang='lat' dir='ltr'><strong>sed</strong></span> <span class='ocrx_word' id='word_1_272' title='bbox 3295 4942 3434 5007; x_wconf 92' lang='lat' dir='ltr'><strong>eius</strong></span> <span class='ocrx_word' id='word_1_273' title='bbox 3481 4942 4029 5008; x_wconf 90' lang='lat' dir='ltr'><strong>observationibus</strong></span> <span class='ocrx_word' id='word_1_274' title='bbox 4076 4949 4140 5008; x_wconf 90' lang='lat' dir='ltr'><strong>et</strong></span> <span class='ocrx_word' id='word_1_275' title='bbox 4184 4942 4392 5026; x_wconf 85' lang='lat' dir='ltr'><strong>expli·</strong></span> <span class='ocrx_word' id='word_1_276' title='bbox 4491 4925 4494 4926; x_wconf 30' lang='lat'><em>⁷</em></span> 
     </span>
     <span class='ocr_line' id='line_1_37' title="bbox 1135 5062 4396 5144; baseline -0.001 -14"><span class='ocrx_word' id='word_1_277' title='bbox 1135 5065 1516 5131; x_wconf 87' lang='lat' dir='ltr'><strong>cationibus.</strong></span> <span class='ocrx_word' id='word_1_278' title='bbox 1612 5070 1681 5129; x_wconf 86' lang='lat' dir='ltr'><strong>ut</strong></span> <span class='ocrx_word' id='word_1_279' title='bbox 1724 5072 1913 5129; x_wconf 87' lang='lat' dir='ltr'><strong>acuta</strong></span> <span class='ocrx_word' id='word_1_280' title='bbox 1958 5064 2172 5129; x_wconf 94' lang='lat' dir='ltr'><strong>omnia</strong></span> <span class='ocrx_word' id='word_1_281' title='bbox 2218 5071 2396 5144; x_wconf 86' lang='lat' dir='ltr'><strong>sunt,</strong></span> <span class='ocrx_word' id='word_1_282' title='bbox 2466 5065 2558 5129; x_wconf 86' lang='lat' dir='ltr'><strong>ita</strong></span> <span class='ocrx_word' id='word_1_283' title='bbox 2603 5063 2801 5128; x_wconf 90' lang='lat' dir='ltr'><strong>dubia</strong></span> <span class='ocrx_word' id='word_1_284' title='bbox 2846 5064 3075 5128; x_wconf 86' lang='lat' dir='ltr'><strong>multa:</strong></span> <span class='ocrx_word' id='word_1_285' title='bbox 3150 5064 3270 5128; x_wconf 89' lang='lat' dir='ltr'><strong>boc</strong></span> <span class='ocrx_word' id='word_1_286' title='bbox 3313 5069 3527 5129; x_wconf 92' lang='lat' dir='ltr'><strong>tamen</strong></span> <span class='ocrx_word' id='word_1_287' title='bbox 3572 5084 3700 5128; x_wconf 89' lang='lat' dir='ltr'><strong>non</strong></span> <span class='ocrx_word' id='word_1_288' title='bbox 3744 5062 4007 5127; x_wconf 90' lang='lat' dir='ltr'><strong>dubium</strong></span> <span class='ocrx_word' id='word_1_289' title='bbox 4056 5063 4396 5127; x_wconf 90' lang='lat' dir='ltr'><strong>chronolo-</strong></span> 
     </span>
     <span class='ocr_line' id='line_1_38' title="bbox 1137 5182 4388 5270; baseline -0.001 -19"><span class='ocrx_word' id='word_1_290' title='bbox 1137 5188 1344 5270; x_wconf 83' lang='lat' dir='ltr'><strong>giam,</strong></span> <span class='ocrx_word' id='word_1_291' title='bbox 1401 5186 1581 5251; x_wconf 91' lang='lat' dir='ltr'><strong>cuius</strong></span> <span class='ocrx_word' id='word_1_292' title='bbox 1627 5185 1861 5250; x_wconf 90' lang='lat' dir='ltr'><strong>rudera</strong></span> <span class='ocrx_word' id='word_1_293' title='bbox 1905 5185 2190 5251; x_wconf 87' lang='lat' dir='ltr'><strong>servavit</strong></span> <span class='ocrx_word' id='word_1_294' title='bbox 2231 5186 2568 5266; x_wconf 71' lang='lat' dir='ltr'><strong>Iordanes,</strong></span> <span class='ocrx_word' id='word_1_295' title='bbox 2636 5183 2992 5248; x_wconf 91' lang='lat' dir='ltr'><strong>ordinatam</strong></span> <span class='ocrx_word' id='word_1_296' title='bbox 3040 5184 3267 5266; x_wconf 84' lang='lat' dir='ltr'><strong>fuisse,</strong></span> <span class='ocrx_word' id='word_1_297' title='bbox 3323 5190 3391 5249; x_wconf 92' lang='lat' dir='ltr'><strong>ut</strong></span> <span class='ocrx_word' id='word_1_298' title='bbox 3433 5183 3526 5247; x_wconf 89' lang='lat' dir='ltr'><strong>ait</strong></span> <span class='ocrx_word' id='word_1_299' title='bbox 3569 5182 3884 5267; x_wconf 89' lang='lat' dir='ltr'><strong>praefatio</strong></span> <span class='ocrx_word' id='word_1_300' title='bbox 3931 5182 4388 5267; x_wconf 90' lang='lat' dir='ltr'><strong>epitomatoris‚</strong></span> 
     </span>
    </p>

    <p class='ocr_par' dir='ltr' id='par_1_8' title="bbox 1145 5305 2179 5391">
     <span class='ocr_line' id='line_1_39' title="bbox 1145 5305 2179 5391; baseline -0.002 -20"><span class='ocrx_word' id='word_1_301' title='bbox 1145 5311 1294 5391; x_wconf 78' lang='lat' dir='ltr'><strong>‘per</strong></span> <span class='ocrx_word' id='word_1_302' title='bbox 1338 5305 1785 5389; x_wconf 87' lang='lat' dir='ltr'><strong>generationes</strong></span> <span class='ocrx_word' id='word_1_303' title='bbox 1831 5313 1896 5370; x_wconf 90' lang='lat' dir='ltr'><strong>et</strong></span> <span class='ocrx_word' id='word_1_304' title='bbox 1941 5308 2179 5389; x_wconf 85' lang='lat' dir='ltr'><strong>reges&#39;.</strong></span> 
     </span>
    </p>
   </div>
   <div class='ocr_carea' id='block_1_8' title="bbox 1139 5651 4391 5791">
    <p class='ocr_par' dir='ltr' id='par_1_9' title="bbox 1139 5651 4391 5791">
     <span class='ocr_line' id='line_1_40' title="bbox 1313 5651 4391 5716; baseline -0.002 -15"><span class='ocrx_word' id='word_1_305' title='bbox 1313 5653 1398 5712; x_wconf 73' lang='lat'><strong>47)</strong></span> <span class='ocrx_word' id='word_1_306' title='bbox 1440 5656 1499 5700; x_wconf 86' lang='lat' dir='ltr'><strong>In</strong></span> <span class='ocrx_word' id='word_1_307' title='bbox 1537 5653 1628 5700; x_wconf 79' lang='lat' dir='ltr'><strong>bae</strong></span> <span class='ocrx_word' id='word_1_308' title='bbox 1662 5659 1803 5713; x_wconf 80' lang='lat' dir='ltr'><strong>parte</strong></span> <span class='ocrx_word' id='word_1_309' title='bbox 1838 5657 2007 5700; x_wconf 73' lang='lat' dir='ltr'><strong>auctor</strong></span> <span class='ocrx_word' id='word_1_310' title='bbox 2042 5653 2282 5715; x_wconf 86' lang='lat' dir='ltr'><strong>propositi</strong></span> <span class='ocrx_word' id='word_1_311' title='bbox 2318 5653 2671 5716; x_wconf 86' lang='lat' dir='ltr'><strong>quodammodo</strong></span> <span class='ocrx_word' id='word_1_312' title='bbox 2707 5653 2891 5702; x_wconf 83' lang='lat' dir='ltr'><strong>oblitus</strong></span> <span class='ocrx_word' id='word_1_313' title='bbox 2928 5665 3027 5699; x_wconf 89' lang='lat' dir='ltr'><strong>non</strong></span> <span class='ocrx_word' id='word_1_314' title='bbox 3064 5657 3164 5698; x_wconf 77' lang='lat' dir='ltr'><strong>tam</strong></span> <span class='ocrx_word' id='word_1_315' title='bbox 3203 5651 3599 5709; x_wconf 79' lang='lat' dir='ltr'><strong>vesegotharum</strong></span> <span class='ocrx_word' id='word_1_316' title='bbox 3637 5664 3715 5698; x_wconf 80' lang='lat' dir='ltr'><strong>res</strong></span> <span class='ocrx_word' id='word_1_317' title='bbox 3752 5651 3971 5712; x_wconf 78' lang='lat' dir='ltr'><strong>explicat</strong></span> <span class='ocrx_word' id='word_1_318' title='bbox 4008 5664 4159 5711; x_wconf 71' lang='lat' dir='ltr'><strong>quam</strong></span> <span class='ocrx_word' id='word_1_319' title='bbox 4196 5651 4391 5711; x_wconf 83' lang='lat' dir='ltr'><strong>imperil</strong></span> 
     </span>
     <span class='ocr_line' id='line_1_41' title="bbox 1139 5740 1678 5791; baseline -0.004 0"><span class='ocrx_word' id='word_1_320' title='bbox 1139 5740 1426 5791; x_wconf 81' lang='lat' dir='ltr'><strong>Occidentis</strong></span> <span class='ocrx_word' id='word_1_321' title='bbox 1463 5740 1678 5789; x_wconf 75' lang='lat' dir='ltr'><strong>ruinam.</strong></span> 
     </span>
    </p>
   </div>
  </div>
 </body>
</html>
