4882 6775
1818 455 2279 516 Pnoomnvu.
3446 456 3661 527 LXXI

640 694 702 755 9.
754 689 1177 756 Romanorum
1233 688 1302 754 in
1365 687 1780 773 scriptoribus
1838 684 2139 752 historiae
2184 685 2511 750 Romanae
2555 684 2662 769 qui
2723 685 3092 770 prodierunt
3134 686 3435 753 Aureliae
3480 687 3666 752 Allo-

753 796 1021 877 brogum
1052 815 1111 859 a.
1156 796 1338 873 1609,
1393 791 1644 875 repetiti
1677 798 1825 855 sunt
1853 788 2179 855 Ebroduni
2216 792 2401 852 1621.
2461 789 2967 854 Amstelaedami
3006 793 3190 854 1625.
3231 794 3417 856 1630.
3489 792 3665 874 Lug-

758 896 911 962 duni
958 898 1101 962 Bat.
1161 898 1343 960 1648.
1440 894 1909 977 Heidelbergae
1961 895 2147 956 1743.
2204 894 2387 956 1778.

609 1007 708 1065 10.
759 1000 1086 1082 utriusque
1132 999 1334 1065 libelli
1378 998 1444 1062 in
1491 997 1804 1062 GRv'rEm
1850 996 2154 1062 historiae
2199 996 2533 1077 Augustae
2578 995 2991 1080 scriptoribus
3024 997 3268 1063 Latinis
3311 997 3665 1063 minoribus

758 1102 1091 1168 Hanoviae
1143 1105 1329 1166 1611.
1765 1169 1778 1181 ‚

611 1212 706 1271 11.
758 1206 1087 1288 utriusque
1148 1205 1354 1271 libelli
1414 1226 1557 1270 cum
1619 1203 1865 1269 Isidoro
1923 1210 1988 1269 et
2045 1202 2245 1267 Paulo
2300 1202 2657 1284 Hamburgi
2709 1206 2861 1266 1611
2931 1223 3084 1267 cura
3140 1204 3447 1270 Friderici
3507 1206 3667 1269 Lm-

756 1326 1105 1375 DENBROG.

604 1418 702 1478 12.
756 1413 1085 1495 utriusque
1134 1412 1337 1478 libelli
1381 1413 1450 1477 in
1496 1413 1964 1477 BIBLIOTHECA
2009 1428 2282 1475 PATRVM
2329 1411 2753 1475 Conomnuffi
2797 1412 2924 1475 vol.
2963 1412 3072 1492 VI,
3125 1415 3162 1474 2
3221 1414 3460 1496 (1618),
3514 1414 3661 1476 718.

606 1522 703 1581 13.
756 1516 1125 1582 Geticorum
1185 1525 1330 1600 post
1383 1515 1674 1597 Hugonis
1734 1513 1937 1579 Grotii
1998 1513 2325 1579 historiam
2384 1512 2735 1577 Gothorum
2793 1514 3225 1580 Vandalorum
3288 1523 3353 1581 et
3414 1516 3668 1598 Lango-

755 1620 1096 1686 bardorum
1143 1618 1648 1685 Amstelaedami
1692 1617 1867 1702 apud
1910 1617 2324 1681 Enzssvmlos
2376 1621 2562 1680 1655.

605 1730 702 1789 14.
756 1722 1086 1806 utriusque
1139 1722 1341 1788 libelli
1387 1722 1452 1786 in
1500 1723 1963 1786 BIBLIOTHECA
2008 1738 2280 1785 PATRVM
2327 1738 2598 1784 ΜΑΧῙΜΑ
2644 1720 3092 1785 Lvonvuanffl
3137 1720 3264 1785 vol.
3305 1722 3399 1785 XI
3453 1722 3660 1804 (1677)

756 1849 819 1912 p.
879 1829 1064 1890 1052.

603 1936 703 1995 15.
756 1930 1118 1996 Geticorum
1153 1949 1297 1993 cum
1330 1927 1716 1994 Cassiodorii
1751 1947 2012 2012 operum
2051 1926 2178 1991 vol.
2210 1932 2233 1989 1
2286 1925 2623 2010 Rotomagi
2661 1930 2823 1990 1679
2864 1948 3016 1991 cura
3045 1927 3348 1992 Iohannis
3379 1927 3663 1992 GARETL

608 2040 705 2097 16.
759 2033 1088 2114 utriusque
1149 2030 1349 2096 libelli
1411 2030 1480 2095 in
1539 2031 1930 2094 MvRA'roan
1991 2029 2366 2113 scriptorum
2424 2050 2634 2094 rerum
2689 2029 3057 2095 Italicarum
3114 2032 3240 2095 vol.
3300 2036 3322 2094 1
3402 2031 3669 2114 (Medio-

757 2135 889 2201 lani
942 2139 1153 2218 1723).

606 2246 701 2304 17.
757 2239 1082 2321 utriusque
1149 2237 1354 2302 libelli
1421 2257 1560 2301 cum
1630 2236 1923 2302 versione
1979 2235 2266 2315 Gallica,
2343 2256 2533 2318 quam
2603 2235 2755 2300 fecit
2822 2237 2897 2300 A.
2965 2236 3331 2320 Savagner,
3405 2237 3670 2302 Parisiis

759 2341 1186 2406 Panckoucke
1239 2344 1424 2404 1842.

606 2448 704 2509 18.
757 2445 1123 2530 Stephanus
1168 2443 1515 2509 Endlicher
1557 2464 1746 2526 quam
1793 2464 1854 2507 a.
1897 2445 2057 2507 1848
2105 2441 2427 2507 inchoavit
2472 2463 2677 2525 neque
2723 2443 3001 2508 absolvit
3043 2443 3382 2509 editionem
3415 2426 3673 2509 Getico-

760 2570 920 2630 rum,
973 2548 1112 2613 eius
1158 2547 1413 2611 unicum
1460 2547 1628 2627 quod
1673 2552 1967 2629 superest
2010 2545 2374 2628 exemplum
2421 2567 2463 2609 a
2493 2545 2826 2628 Karajano
2872 2546 3037 2611 dono
3068 2546 3188 2611 sibi
3223 2547 3440 2612 datum
3472 2569 3673 2631 nuper

760 2650 1203 2716 Miklosichius
1249 2649 1464 2714 intulit
1507 2648 1931 2714 bibliothecae
1977 2649 2274 2733 publicae
2308 2648 2808 2713 Vindobonensi.
2890 2650 3242 2734 praemissa
3289 2656 3386 2714 est
3428 2649 3674 2716 ‘brevis

768 2755 1031 2821 ‘notitia
1075 2753 1363 2819 literaria
1408 2752 1488 2817 de
1534 2752 1859 2817 Iordane’.
1948 2752 2128 2816 varia
2175 2751 2364 2817 lectio
2409 2751 2590 2816 nulla
2635 2751 2889 2816 adiecta
2932 2759 3047 2817 est.

608 2864 704 2922 19.
759 2858 1125 2924 Geticorum
1173 2856 1588 2939 Stuttgartiae
1640 2859 1802 2921 1866
1858 2856 1980 2935 (ed.
2032 2859 2091 2937 2)
2154 2876 2303 2919 cura
2349 2855 2564 2920 Caroli
2611 2857 2777 2938 Aug.
2831 2855 3084 2920 Clossii.

604 3343 780 3409 Haec
825 3340 904 3407 de
950 3346 1285 3426 apparatu.
1378 3338 1445 3404 in
1490 3358 1565 3404 eo
1609 3338 1992 3423 perficiendo
2038 3358 2422 3423 magnopere
2471 3358 2571 3404 me
2618 3337 2997 3404 adiuverunt
3042 3338 3435 3405 collectanea
3479 3340 3678 3406 Beth·
3704 3361 3833 3403 natio

435 3465 670 3547 manni,
723 3463 830 3547 qui
876 3462 943 3527 in
987 3482 1173 3526 usum
1219 3459 1519 3525 editionis
1564 3459 1813 3524 futurae
1859 3481 1971 3544 per
2016 3461 2246 3525 multos
2304 3480 2508 3523 annos
2569 3459 2761 3524 libros
2805 3460 2888 3524 ad
2942 3460 3370 3542 quadraginta
3416 3462 3680 3527 contulit

434 3585 790 3670 inspexitve
836 3602 1072 3666 eosque
1116 3581 1181 3645 in
1228 3587 1435 3645 certas
1480 3580 1724 3645 classes
1755 3579 2046 3662 digessit,
2099 3600 2485 3663 quamquam
2531 3600 2651 3645 nec
2694 3601 2858 3663 quae
2903 3579 3051 3644 inde
3085 3580 3298 3646 effecit
3328 3581 3487 3647 satis
3520 3582 3675 3646 mihi

436 3706 722 3771 fecerunt
764 3723 882 3768 nec
912 3703 1094 3767 varia
1138 3700 1410 3765 lectione
1455 3720 1719 3785 operose
1765 3701 1972 3783 magis
2016 3721 2205 3783 quam
2251 3701 2453 3784 perite
2499 3708 2564 3765 et
2593 3699 2938 3782 diligenter
2967 3701 3314 3786 composita
3345 3710 3676 3768 contentus

436 3847 579 3892 esse
632 3825 829 3911 potui.
924 3832 1214 3906 superest
1260 3829 1327 3886 ut
1370 3821 1594 3905 paucis
1652 3841 1999 3906 exponam,
2067 3841 2407 3904 quamnam
2475 3821 2781 3886 rationem
2838 3821 2905 3885 in
2964 3821 3242 3888 editione
3304 3822 3676 3887 adornanda

437 3946 735 4030 equidem
781 3942 1119 4010 tenuerim.
1216 3941 1419 4023 selegi
1466 3962 1543 4006 ex
1590 3941 1769 4006 libris
1815 3943 2085 4007 vetustis
2129 3941 2278 4006 hos:

743 4070 801 4127 H
847 4063 1464 4143 Heidelbergensem
1748 4066 1796 4125 Ο
1841 4061 2378 4128 Ottobonianum'
2672 4067 2722 4124 Χ
2794 4062 3390 4145 cantabrigiensem

750 4191 796 4248 P
841 4184 1201 4249 Palatinum
1740 4187 1794 4244 B
1837 4182 2349 4248 Breslaviensem
2647 4184 2740 4266 (Y)
2796 4183 3272 4250 Berolinensem

760 4310 804 4368 V
843 4304 1457 4370 Valencienneusem
2655 4305 2737 4384 (Ζ)
2798 4304 3302 4387 Atrebatensem,

750 4431 794 4487 L
840 4423 1342 4490 Laurentianum

750 4547 796 4608 Α
846 4543 1336 4610 Ambrosianum

438 4690 517 4735 ex
575 4668 676 4734 his
736 4666 1072 4733 lectionem
1132 4664 1386 4749 plenam
1450 4664 1662 4729 rettuli
1719 4664 1860 4728 libri
1908 4665 2509 4749 Heidelbergensis,
2577 4666 2834 4750 plenam
2883 4665 3143 4751 dempta
3187 4669 3676 4755 orthographica

448 4789 617 4874 (quid
663 4789 755 4853 ita
799 4784 1210 4869 significetur,
1263 4785 1616 4868 expositum
1665 4792 1763 4850 est
1805 4785 1869 4849 in
1917 4786 2309 4869 praefatione
2353 4786 2586 4851 indicis
2619 4787 2730 4872 ΙΙΙ)
2788 4788 3186 4869 sequentium
3219 4798 3487 4873 septem,
3542 4792 3680 4876 ple-

439 4932 586 4975 nam
633 4907 908 4992 demptis
954 4905 1224 4990 propriis
1270 4905 1589 4970 erroribus
1638 4906 2066 4970 Berolinensis
2112 4907 2289 4986 libri3
2345 4909 2830 4973 Atrebatensem
2877 4908 3150 4990 denique
3183 4910 3336 4973 olim
3381 4910 3683 4995 deperdi-

438 5040 570 5097 tum
615 5029 702 5094 ibi
748 5035 991 5093 tantum
1035 5024 1240 5104 attuli,
1294 5024 1403 5090 ubi
1449 5024 1685 5090 diserto
1726 5026 2088 5091 testimonio
2118 5027 2198 5092 de
2231 5049 2307 5092 eo
2338 5030 2672 5094 constabat
2709 5030 2792 5112 (v.
2829 5051 2892 5114 p.
2931 5030 3218 5112 LXVII).
3291 5030 3357 5095 in
3388 5033 3681 5099 omnibus

439 5172 562 5215 non
606 5147 846 5214 attendi
880 5146 1006 5211 nisi
1033 5145 1118 5210 ad
1148 5145 1419 5230 primum
1465 5145 1813 5228 librarium,
1865 5147 1973 5229 qui
2020 5147 2074 5210 si
2119 5147 2273 5230 quid
2318 5149 2612 5231 correxit,
2665 5148 2968 5214 reiectam
3015 5150 3392 5235 scripturam
3437 5153 3682 5237 reposi-

438 5279 696 5353 tamque
743 5267 1038 5333 litterulis
1082 5278 1109 5305 ‘²
1138 5267 1162 5305 ὁ
1214 5264 1326 5348 (sic
1370 5271 1443 5328 1¹⁷⁰
1486 5266 1578 5348 Vb)
1620 5266 1917 5342 distinxi;
1973 5269 2451 5334 emendatorum
2500 5270 2941 5336 adnotationes
2981 5271 3093 5355 (sic
3136 5275 3233 5354 Ψ)
3273 5272 3406 5338 fere
3439 5276 3671 5358 sprevi,

439 5391 736 5475 quoniam
781 5389 1155 5474 plerumque
1201 5406 1334 5451 rem
1391 5394 1661 5469 egerunt
1719 5408 1799 5452 ex
1857 5387 2116 5471 ingenio
2175 5390 2312 5471 vel,
2380 5398 2450 5455 ut
2508 5390 2660 5455 fecit
2717 5400 3028 5457 corrector
3087 5393 3674 5478 Valenciennensis,

440 5510 727 5577 adhibito
771 5508 934 5573 libro
979 5507 1194 5590 aliquo
1240 5507 1483 5572 ordinis
1530 5507 1884 5572 deterioris.
1980 5508 2080 5572 his
2125 5509 2388 5574 adiunxi
2437 5520 2740 5596 excerpta

834 5626 1202 5712 Geographi
1248 5628 1638 5692 Ravennatis
2138 5631 2321 5694 Pauli
2369 5630 2619 5696 diaconi
2666 5639 2729 5696 et
2776 5633 3064 5697 Landolfi

749 5755 795 5815 S
839 5747 1447 5815 Cheltenhamensia
2130 5751 2475 5816 Frecbulfi.

3871 3363 4085 3404 editionis
