4882 6775
816 1889 931 1954 LV
976 1892 1100 1953 280

600 2147 839 2243 ffifvaflg

1149 467 1268 530 130
2587 460 2944 518 IORDANIS

961 655 1106 719 LIV
1151 655 1578 721 accersientes
1624 674 1765 719 cum
1812 654 2015 719 Edica
2060 660 2125 719 et
2154 654 2486 719 Hunuulfo
2533 674 2752 719 eorum
2799 652 3181 737 primatibus
3224 652 3588 717 habuerunt
3631 651 3822 716 simul
3863 670 4082 716 secum
4110 657 4243 716 tam
4275 649 4406 714 Ge-

1142 757 1333 843 pidas
1378 777 1570 840 quam
1618 778 1698 822 ex
1744 766 1936 840 gente
1970 759 2293 840 Rugorum
2340 777 2468 821 non
2514 777 2715 840 parva
2762 756 3022 835 solacia,
3076 755 3434 837 ceterisque
3480 755 3628 819 hinc
3672 755 3823 820 inde
3857 754 4144 819 collectis
4173 754 4407 836 ingen-

978 862 1101 925 278
1148 866 1279 926 tem
1323 861 1800 927 multitudinem
1845 860 2282 944 adgregantes
2327 859 2414 924 ad
2459 879 2712 924 amnem
2745 859 2931 924 Bolia
2974 859 3041 922 in
3072 857 3421 923 Pannoniis
3467 865 3679 923 castra
3709 858 3931 922 metati
3962 863 4130 922 sunt.
4213 855 4404 921 Gothi

1141 970 1293 1029 tunc
1338 965 1677 1029 Valamero
1723 963 2024 1028 defuncto
2070 962 2152 1027 ad
2200 963 2462 1027 fratrem
2508 963 2648 1027 eius
2693 962 3072 1027 Thiudimer
3129 961 3570 1044 confugerunt.
3666 962 3776 1044 qui
3822 960 4117 1042 quamvis
4162 959 4403 1024 dudum

1146 1086 1291 1132 cum
1335 1066 1637 1132 fratribus
1683 1086 1997 1149 regnans,
2064 1073 2277 1131 tamen
2324 1065 2628 1131 auctioris
2674 1065 3012 1149 potestatis
3054 1065 3339 1146 insignia
3384 1083 3676 1143 sumens,
3731 1063 4021 1129 Vidimer
4065 1063 4261 1128 fratre
4304 1062 4405 1126 iu-

1143 1170 1320 1235 niore
1366 1170 1569 1234 accito
1615 1176 1679 1234 et
1723 1189 1866 1234 cum
1910 1169 2054 1253 ipso
2100 1189 2285 1233 curas
2330 1169 2489 1233 belli
2536 1169 2840 1252 partitus,
2910 1175 3168 1232 coactus
3214 1166 3300 1231 ad
3345 1187 3525 1230 arma
3570 1167 3916 1251 prosilivit;
3987 1172 4404 1248 consertoque

1144 1273 1387 1357 proelio
1445 1272 1735 1356 superior
1792 1291 1942 1356 pars
2001 1272 2323 1337 invenitur
2384 1272 2771 1350 Gothorum,
2841 1270 3005 1336 adeo
3058 1277 3135 1335 'ut
3195 1290 3459 1354 campus
3519 1270 3918 1334 inimicorum
3980 1268 4404 1333 corruentium

1143 1395 1363 1440 cruore
1410 1374 1812 1439 madefactus
1859 1381 1927 1439 ut
1971 1375 2231 1439 rubrum
2278 1376 2553 1459 pelagus
2598 1380 2943 1458 appareret
2973 1393 3278 1456 armaque
3310 1379 3374 1437 et
3403 1372 3724 1437 cadavera
3752 1373 3820 1437 in
3852 1372 4111 1437 modum
4145 1371 4404 1436 collium

977 1480 1103 1542 279
1150 1478 1467 1543 tumulata
1511 1498 1807 1561 campum
1853 1478 2000 1561 plus
2045 1499 2161 1563 per
2205 1477 2428 1543 decem
2479 1478 2740 1543 milibus
2787 1478 3232 1560 oppleverunt.
3269 1521 3284 1538 Ι
3326 1475 3498 1558 quod
3529 1475 3724 1541 Gothi
3770 1483 4126 1553 cernentes,
4177 1474 4406 1539 ineffa-

979 2510 1095 2571 281

1144 1580 1262 1645 bili
1308 1581 1702 1645 exultatione
1748 1582 2090 1663 laetantur,
2143 1601 2218 1645 eo
2264 1581 2432 1663 quod
2480 1587 2545 1645 et
2587 1582 2761 1662 regis
2808 1580 2907 1644 sui
2940 1579 3299 1644 Valameris
3346 1580 3726 1661 sanguinem
3774 1586 3839 1644 et
3883 1598 4064 1643 suam
4108 1577 4401 1642 iniuriam

1145 1703 1285 1747 cum
1335 1684 1615 1747 maxima
1659 1683 2059 1748 inimicorum
2107 1690 2321 1766 strage
2368 1684 2847 1748 ulciscerentur.
2946 1683 3028 1747 de
3071 1702 3222 1747 vero
3264 1681 3737 1746 innumeranda
3766 1682 4071 1764 variaque
4118 1680 4407 1745 multitu-

1148 1785 1298 1850 dine
1343 1787 1619 1851 hostium
1667 1787 1776 1868 qui
1822 1788 2026 1852 valuit
2070 1785 2367 1863 evadere,
2422 1806 2859 1870 perquaquam
2908 1785 3177 1867 effugati
3233 1786 3341 1849 vix
3387 1786 3472 1850 ad
3517 1804 3636 1850 sua
3663 1784 3920 1867 inglorii
3954 1789 4401 1868 pervenerunt.

1321 1890 1471 1953 Post
1514 1896 1753 1954 eertum
1802 1910 1952 1953 vero
1999 1897 2253 1973 tempus
2298 1889 2566 1953 instanti
2611 1888 2876 1953 hiemali
2924 1888 3158 1971 frigore
3205 1907 3587 1969 amnemque
3619 1887 3904 1952 Danubii
3950 1887 4134 1951 solite
4171 1905 4409 1968 conge-

1145 1993 1276 2056 lato
1321 2030 1407 2038 —
1450 2013 1596 2056 nam
1645 1992 2007 2057 istiusmodi
2066 1992 2299 2056 fluvius
2361 1992 2474 2056 ille
2536 1992 2958 2074 congelascit,
3029 1998 3098 2055 ut
3140 1991 3208 2055 in
3257 1991 3455 2055 silicis
3500 1990 3758 2055 modum
3804 1989 4167 2074 pedestrem
4214 1989 4411 2053 vehat

1148 2094 1498 2159 exercitum
1545 2085 1960 2178 plaustraque
2008 2104 2071 2160 et
2116 2073 2397 2160 tra’cffilas
2443 2095 2547 2159 vel
2595 2094 2906 2177 quidquid
2952 2094 3234 2159 vehiculi
3278 2093 3500 2174 fuerit,
3554 2113 3672 2158 nec
3718 2094 4087 2158 cumbarum
4120 2092 4409 2175 indigeat

1146 2196 1371 2262 lintres
1397 2227 1500 2245 ·—-
1548 2198 1640 2263 sic
1699 2218 1852 2281 ergo
1914 2218 2061 2263 eum
2118 2198 2405 2281 gelatum
2466 2197 2838 2262 Thiodimer
2898 2196 3248 2261 Gothorum
3309 2217 3422 2260 rex
3482 2215 3751 2260 cernens
3809 2196 4175 2281 pedestrem
4235 2195 4411 2260 ducit

1146 2300 1495 2365 exercitum
1568 2320 1957 2383 emensoque
2017 2300 2313 2364 Danubio
2376 2299 2609 2364 Suavis
2677 2300 3042 2383 inprovisus
3101 2320 3140 2363 a
3196 2306 3375 2382 tergo
3434 2300 3793 2385 apparuit„
3849 2319 3995 2363 nam
4057 2299 4236 2381 regio
4295 2299 4411 2362 illa

1146 2404 1503 2475 Suavorum
1552 2402 1634 2468 ab
1682 2405 1929 2469 oriente
1976 2403 2285 2468 Baibaros
2332 2402 2548 2483 habet,
2616 2402 2698 2466 ab
2744 2401 3074 2466 occidente
3119 2402 3424 2477 Francos,
3477 2422 3517 2465 a
3561 2402 3830 2468 meridie
3877 2402 4420 2484 Burgundzones,

1149 2526 1191 2569 a
1235 2507 1666 2590 septentrione
1712 2507 2100 2588 Thuringos.
2191 2504 2423 2587 quibus
2473 2504 2708 2569 Suavis
2753 2511 2903 2569 tunc
2947 2505 3146 2569 iuncti
3192 2504 3461 2569 aderant
3520 2505 3712 2569 etiam
3756 2506 4100 2569 Alamanni
4157 2506 4409 2589 ipsique

1145 2609 1349 2692 Alpes
1394 2616 1639 2674 erectos
1684 2610 1940 2674 omnino
1987 2617 2322 2691 regenteS,
2393 2609 2562 2673 unde
2623 2608 2932 2672 nonnulla
2975 2607 3218 2672 fluenta
3261 2607 3631 2672 Danubium
3690 2607 3966 2673 influunt
4021 2609 4219 2673 nimio
4267 2629 4409 2673 cum

1149 2729 1308 2775 sonu
1355 2712 1713 2794 vergentia.
1807 2712 1912 2777 hic
1959 2732 2111 2795 ergo
2155 2711 2497 2792 taliterque
2544 2711 2788 2775 munito
2838 2712 2975 2775 loco
3022 2731 3134 2775 rex
3168 2710 3544 2795 Thin—dimer
3586 2711 4137 2796 hiemis.tempore
4170 2711 4409 2776 Gotho-

1145 2833 1285 2877 rum
1333 2812 1620 2879 ductavit
1664 2815 2054 2897 exercitum,
2109 2823 2173 2880 et
2214 2820 2346 2877 tam
2395 2814 2753 2878 Suavorum
2798 2822 2992 2897 gente
3040 2835 3230 2897 quam
3277 2815 3470 2879 etiam
3517 2815 4054 2896 Alamannorum,
4110 2823 4410 2897 utrasque

1147 2915 1232 2980 ad
1279 2917 1554 2981 invicem
1601 2917 1997 2999 foederatas,
2051 2916 2324 2997 devicit,
2378 2918 2658 2981 vastavit
2701 2924 2764 2981 et
2810 2937 2977 3001 pene
3025 2917 3299 3000 subegit.
3393 2917 3546 2982 inde
3592 2938 3842 3001 quoque
3889 2918 4091 2982 victor
4134 2916 4219 2981 ad
4263 2937 4412 3002 pro-

1144 3020 1321 3103 prias
1368 3020 1593 3101 sedes,
1647 3020 1715 3084 id
1761 3028 1861 3086 est
1904 3014 2269 3100 Pannonias
2316 3027 2644 3085 revertens
2690 3019 3158 3111 Theodoricum
3205 3020 3405 3084 filium
3454 3040 3671 3101 suum,
3725 3041 3916 3103 quem
3962 3020 4412 3085 Constantino-

3375 3092 3670 3111 mun-...2

1144 3122 1341 3206 polim
1389 3123 1678 3188 obsidem
1726 3123 2014 3205 dederat,
2067 3144 2109 3187 a
2138 3125 2352 3189 Leone
2399 3105 2785 3207 imperatore
2830 3124 3168 3188 remissum
3214 3143 3356 3188 cum
3397 3125 3650 3207 magnis
3680 3124 4052 3217 muneribus
4083 3130 4412 3207 gratanter

975 3232 1099 3295 282
1145 3225 1420 3309 excepit.
1498 3226 1610 3307 qui
1639 3226 2074 3291 Theodoricus
2101 3227 2232 3291 iam
2264 3226 2733 3291 aduliscentiae
2763 3246 2965 3291 annos
3012 3226 3389 3309 contingens
3435 3228 3696 3311 expleta
3740 3227 4035 3310 pueritia,
4089 3226 4314 3292 decem
4345 3232 4409 3291 et

1319 3471 1373 3517 H
1399 3471 1443 3518 P
1473 3471 1513 3516 V
1536 3471 1580 3517 A
1612 3470 1654 3517 O
1680 3470 1723 3517 Β
1752 3472 1796 3518 Χ
1826 3472 1889 3532 (Υ
1913 3471 1994 3531 Ζ).
2074 3470 2266 3519 Paulus
2303 3471 2349 3521 h.
2393 3471 2456 3522 R.
2505 3474 2584 3533 15,
2629 3472 2692 3519 12
2735 3472 2817 3534 (ad
2852 3470 2885 3519 4
2922 3475 3300 3533 confugerunt).

1320 3606 1341 3656 1
1384 3610 1711 3657 arcessientes
1748 3608 1795 3653 A
2069 3606 2344 3675 hunuulfo]
2391 3609 2601 3671 hunulfo
2639 3609 2701 3672 A,
2763 3610 2941 3657 unulfo
2985 3608 3073 3656 OB
3349 3623 3517 3656 secum
3552 3605 3682 3675 tam]
3719 3615 3940 3656 secutam
3977 3609 4067 3656 ΧΖ
4107 3609 4228 3669 (non
4275 3608 4334 3668 Y)

1140 3695 1349 3754 gepidas
1387 3690 1562 3759 quam]
1598 3694 1890 3755 gepidarum
1926 3700 2028 3741 tam
2072 3697 2174 3756 (sie)
2206 3695 2342 3741 ΧΥΖ
2621 3694 2651 3743 2
2689 3708 2753 3742 ex
2789 3692 2963 3761 gente]
3003 3694 3155 3753 BXY,
3200 3697 3434 3755 exigente
3477 3693 3537 3755 O,
3579 3700 3728 3755 gente
3765 3694 3923 3754 HPV,
3956 3702 4018 3744 ‚et
4054 3699 4256 3754 gentem
4295 3695 4340 3741 A

1141 3794 1375 3828 rucorum
1412 3780 1559 3828 HPV
1780 3786 2070 3843 ceterosque
2107 3781 2159 3831 h.
2197 3783 2237 3833 i.
2280 3782 2510 3830 collectos
2554 3782 2683 3843 (-tua
2725 3780 2811 3842 0⁰)
2862 3779 2903 3827 O
3131 3780 3160 3828 3
3199 3777 3420 3847 amnem]
3458 3782 3622 3829 abnen
3666 3780 3709 3828 O
3935 3776 4090 3846 bolia]
4125 3782 4307 3828 boliam
4347 3781 4402 3841 B,

1140 3866 1326 3914 boliani
1359 3866 1402 3913 0
1607 3869 1854 3929 pannonis
1886 3866 1928 3913 O
2137 3868 2169 3916 4
2205 3868 2443 3916 ualamiro
2490 3867 2600 3930 ΟΧ,
2642 3869 2919 3915 unalamiro
2954 3867 3017 3929 Β,
3061 3868 3301 3915 ualamire
3338 3869 3404 3930 A,
3442 3868 3683 3917 uelamire
3732 3868 3774 3915 Υ
3972 3868 4260 3916 theodemer
4301 3866 4401 3928 OB,

1143 3951 1418 3999 theodimer
1455 3954 1517 4014 X,
1559 3949 1837 4003 theudimir
1887 3953 1983 4016 YZ,
2025 3954 2275 4002 teudemir
2310 3956 2356 4001 A
2602 3954 2631 4002 5
2669 3949 2906 4019 regnans]
2943 3967 3154 4013 regnum
3192 3953 3302 4010 ΧΖ,
3343 3968 3555 4014 regnum
3593 3956 3847 4002 tenuisset
3894 3954 3934 4000 Υ
4151 3948 4407 4018 auctioris]

1141 4039 1288 4086 ΑΒΧ
1300 4039 1347 4101 Υ,
1391 4041 1603 4087 auctoris
1639 4039 1800 4102 HPV,
1844 4041 2045 4088 actioris
2091 4042 2159 4102 (ut
2194 4039 2320 4101 vid.)
2368 4039 2458 4102 0⁶,
2501 4041 2691 4088 altioris
2733 4026 2801 4087 01»
3045 4041 3247 4100 insigna
3288 4040 3330 4087 O
3564 4054 3743 4088 sumen
3781 4037 3824 4087 P
4064 4039 4304 4087 uidimeri
4346 4037 4399 4097 Ο,

1142 4125 1415 4173 uuiditneri
1454 4126 1518 4187 Β,
1560 4126 1775 4173 uidemir
1811 4127 1853 4172 A
2061 4127 2250 4174 iuniori
2287 4126 2333 4172 B
2565 4125 2597 4174 6
2635 4131 2687 4174 et
2720 4122 2856 4192 cum]
2894 4140 3009 4174 cum
3048 4132 3100 4173 et
3137 4126 3202 4186 X,
3242 4140 3355 4173 cum
3393 4127 3438 4173 A
3673 4133 3843 4175 coatus
3885 4125 3927 4172 O
4135 4120 4405 4190 prosiliuit]

1139 4210 1421 4271 ΗΡΟΧΥ,’
1444 4212 1678 4274 prosiluit
1710 4211 1842 4258 VAB
2076 4211 2104 4259 7
2143 4213 2277 4272 goth,
2321 4214 2429 4260 inu.
2476 4214 2520 4259 A
2729 4216 2845 4259 ante
2882 4226 3003 4261 corr.
3048 4213 3201 4260 litura
3241 4212 3365 4259 XVI
3394 4211 3495 4272 fere
3532 4212 3628 4261 lm.
3673 4212 3716 4259 Β
3941 4211 3972 4260 9
4011 4213 4260 4259 cumulata
4297 4210 4343 4257 B

1142 4297 1256 4357 plus
1294 4311 1383 4360 per
1421 4298 1590 4345 decem
1630 4294 1855 4362 milibus]
1892 4311 1983 4360 per
2020 4298 2188 4345 decem
2227 4298 2367 4344 milia
2406 4298 2562 4356 ΧΥΖ,
2604 4299 2718 4360 plue
2755 4298 2929 4366 decem
2966 4299 3174 4346 milibus
3213 4297 3306 4345 AB
3570 4296 3631 4346 10
3670 4294 3753 4363 eo]
3790 4312 3852 4344 *e
3889 4296 3966 4344 V⁰
4221 4304 4274 4345 et
4309 4310 4399 4344 om.

1141 4383 1284 4430 AOB
1560 4397 1700 4442 reges
1742 4383 1784 4430 O
2062 4380 2168 4449 sui]
2218 4385 2259 4431 si
2304 4384 2346 4431 O
2626 4385 2912 4432 uallameris
2949 4385 3019 4444 Β,
3075 4384 3328 4432 ualamiris
3366 4384 3411 4430 A
3697 4383 3751 4432 11
3801 4379 4042 4449 maxima]
4089 4385 4307 4432 maximo
4343 4382 4400 4444 Χ,

1140 4484 1319 4530 magna
1363 4470 1402 4516 Y
1643 4470 1971 4517 ulcisceretur
2011 4470 2053 4517 O
2295 4469 2356 4517 de
2394 4483 2515 4517 uero
2552 4470 2908 4518 innumerabili
2948 4470 3055 4531 ΧΥ,
3098 4470 3160 4518 de
3195 4470 3552 4518 innumerabili
3589 4483 3709 4517 uero
3747 4471 3794 4516 A
4040 4469 4100 4519 12
4138 4471 4406 4518 ualuerunt

1139 4557 1233 4604 AB
1509 4551 1871 4621 perquaquam]
1920 4570 2205 4617 perquaque
2245 4557 2319 4617 A,
2383 4569 2480 4604 om.
2527 4556 2616 4603 OB
2891 4552 3004 4621 sua]
3056 4556 3248 4604 AOBX
3257 4556 3316 4618 Υ,
3376 4570 3518 4603 suam
3555 4556 3705 4604 HPV
3976 4557 4234 4616 inglororii
4270 4554 4408 4603 HPV

1144 4641 1204 4690 13
1243 4656 1362 4689 uero
1400 4649 1590 4690 certum
1628 4642 1674 4688 B
1916 4642 2146 4690 hiemeali
2188 4643 2230 4690 O
2475 4656 2722 4703 amneque
2760 4642 2951 4690 ABXY
3206 4641 3266 4690 14
3303 4643 3390 4689 ille
3430 4638 3755 4708 congelascit]
3788 4644 3863 4691 ita
3898 4643 4200 4701 congelescit
4237 4644 4301 4704 A,
4341 4643 4406 4689 ita

1141 4729 1337 4788 rigiscit
1377 4728 1437 4790 0,
1479 4730 1552 4776 ita
1584 4728 1790 4788 rigescit
1827 4713 1913 4789 Bb,
1956 4729 2028 4776 ita
2062 4729 2270 4788 gigescit
2309 4727 2381 4776 B‘
2594 4735 2652 4776 ut
2686 4725 2766 4795 in]
2801 4730 2856 4776 in
2893 4731 2947 4776 in
2990 4730 3050 4791 Χ,
3092 4735 3152 4776 ut
3190 4730 3234 4775 A
3443 4729 3562 4779 ueh.
3604 4743 3687 4778 ex.
3729 4730 3846 4792 ped.
3894 4727 4172 4790 (pedestres
4217 4728 4278 4789 O)
4326 4727 4406 4775 OB

1143 4812 1204 4862 15
1245 4810 1487 4879 traculas]
1522 4815 1757 4861 triacnlae
1802 4812 1907 4874 OB,
1950 4815 2169 4873 tragulas
2208 4815 2318 4877 ΧΥ,
2359 4815 2584 4863 trahulas
2623 4816 2667 4861 A
2961 4816 3115 4862 fuerit
3150 4829 3202 4864 n.
3245 4829 3286 4863 c.
3335 4816 3514 4876 (cymb.
3570 4815 3619 4875 Υ,
3664 4817 3812 4863 cimb.
3857 4815 3922 4872 X)
3966 4815 4203 4873 indigeat
4234 4815 4405 4862 lintres

1145 4901 1311 4958 (lintre
1352 4900 1409 4963 B,
1454 4901 1692 4948 lintribus
1721 4896 1813 4965 A)]
1848 4902 2010 4949 futres
2045 4900 2218 4949 mediis
2254 4903 2446 4948 omiaaia
2481 4901 2524 4964 Υ
2730 4900 2792 4950 16
2829 4901 3100 4949 theodimir
3140 4900 3198 4961 Ο,
3240 4901 3528 4950 theodemar
3564 4902 3623 4954 B.
3665 4902 3942 4950 theudimir
3989 4900 4085 4960 YZ,
4129 4900 4407 4949 theudimer

1138 4987 1200 5046 Χ,
1244 4986 1494 5034 teudemir
1521 4988 1563 5032 A
1773 4999 1861 5033 rex
1901 4987 2035 5045 goth.
2065 4987 2111 5032 A
2319 4987 2462 5035 ducit
2499 5003 2595 5035 om.
2632 4987 2674 5034 O
2887 4986 2944 5035 17
2988 4989 3164 5035 eueuis
3200 4989 3244 5034 A
3454 5002 3482 5034 a
3527 4988 3570 5044 (e
3600 4987 3658 5047 P)
3700 4977 3836 5048 tergo
3873 4984 4017 5053 app.]
4053 5002 4171 5050 app.
4213 5002 4240 5034 a
4278 4992 4406 5047 tergo

1140 5073 1233 5119 ΧΥ
1442 5071 1502 5120 18
1541 5085 1805 5120 suenorum
1846 5073 1888 5118 A
2100 5068 2351 5137 baibaroe]
2388 5072 2686 5134 HPVXYZ,
2730 5074 2980 5121 baiobaros
3023 5076 3152 5131 (-rua
3181 5073 3268 5134 0⁹)
3315 5073 3420 5134 OB,
3465 5075 3709 5121 baioarios
3747 5075 3791 5120 A
4001 5067 4409 5137 burgundzones]

1135 5157 1391 5219 HPVXY,
1434 5158 1809 5217 burgundiones
1850 5145 2033 5219 AOBb,
2076 5159 2419 5218 burgundines
2462 5158 2534 5204 Ba
2784 5157 2844 5207 19
2880 5160 3117 5207 tlorincos
3161 5161 3236 5219 (ut
3270 5159 3392 5219 vid.)
3444 5160 3501 5218 O,
3546 5159 3806 5221 thoringos
3843 5160 3952 5220 ΒΥ,
3993 5161 4217 5220 toringos
4256 5159 4350 5206 AX

1136 5246 1312 5291 sueuis
1350 5245 1395 5291 A
1672 5240 1858 5309 iuncti]
1908 5244 2125 5291 iniuncti
2163 5244 2262 5290 XY
2533 5246 2682 5292 etiam
2733 5260 2830 5294 om.
2875 5248 2916 5290 A
3196 5241 3468 5311 alamanni]
3523 5246 3775 5294 alemanni
3824 5246 3899 5305 Β,
3959 5246 4228 5294 ademandi
4276 5241 4408 5292 ΧΥΖ

1134 5328 1200 5378 20
1241 5337 1428 5377 erectas
1467 5330 1574 5392 AB,
1618 5332 1822 5378 effectos
1864 5330 2000 5377 ΧΥΖ
2204 5326 2507 5395 danubium]
2545 5330 2895 5392 HPVAXYZ,
2935 5332 3154 5379 danubio
3196 5330 3285 5377 OB
3504 5329 3562 5379 21
3613 5327 3764 5397 sonu]
3800 5332 3959 5392 HPV,
4002 5345 4121 5381 sona
4164 5330 4254 5393 Λα,
4298 5342 4408 5379 sono

1134 5403 1323 5477 A¹²OB‚
1368 5418 1532 5465 sonitu
1561 5416 1698 5464 ΧΥΖ
1910 5429 2009 5477 que
2047 5429 2139 5463 om.
2171 5415 2216 5461 Β
2426 5415 2693 5463 theodimir
2734 5415 2792 5477 O,
2836 5419 3129 5466 theudemer
3166 5417 3224 5475 B,
3268 5415 3551 5464 theudimer
3592 5416 3705 5480 ΧΖ,
3744 5418 4020 5466 theudimir
4068 5417 4121 5480 Y,
4161 5418 4407 5465 teudemir

1136 5503 1181 5549 A
1419 5501 1482 5550 22
1522 5516 1792 5551 suenorum
1830 5502 1875 5547 A
2087 5497 2260 5566 gente]
2298 5500 2460 5562 HPV,
2503 5509 2705 5560 gentem
2744 5501 2982 5550 AOBXY
3186 5499 3586 5568 alamannorum]
3625 5505 3686 5563 A,
3730 5505 4103 5552 alemannorum
4143 5504 4206 5567 B,
4249 5505 4407 5552 alano·

1130 5603 1245 5637 rum
1284 5588 1616 5637 HPVOXYZ
1827 5594 2039 5647 utraque
2076 5585 2149 5632 V‘
2379 5585 2444 5635 24
2484 5588 2793 5636 thodericum
2835 5589 2923 5636 OB
3134 5586 3320 5655 const.]
3355 5591 3412 5637 in
3449 5597 3607 5638 const.
3656 5589 3699 5637 O
3920 5588 3986 5638 25
4023 5591 4260 5638 obsedem
4305 5588 4345 5636 Ο

1132 5677 1402 5722 remissum
1449 5675 1741 5733 (demissum
1781 5673 1884 5736 ΧΖ,
1929 5672 2191 5720 dimissum
2239 5671 2298 5732 Y)
2343 5687 2455 5719 cum
2496 5670 2711 5740 magnis]
2745 5676 2832 5722 rel.
2875 5679 2920 5721 et
2962 5671 3044 5736 Οἳ,
3088 5677 3581 5723 remismeunue
3627 5675 3690 5724 Ο1
3955 5675 4020 5725 26
4057 5672 4287 5742 excepit]
4323 5688 4403 5723 ex-

1131 5763 1333 5822 cipiunt
1373 5759 1436 5819 0,
1478 5761 1663 5820 recepit
1702 5759 1747 5805 Χ
1758 5760 1837 5806 ΥΖ

4453 1601 4505 1640 10

4451 2117 4507 2157 15

4448 2630 4506 2671 20

4448 3145 4506 3187 25
