4882 6775
1500 1638 1643 1735 DE
1711 1639 2120 1737 SVMMA
2181 1639 2788 1779 TEMPORVM

606 1884 845 1996 VEL
915 1884 1428 1996 ORIGINE
1500 1885 2276 2004 ACTIBVSQVE
2349 1887 2798 1998 GENTIS
2873 1888 3693 2002 ROMANORVM.

1990 2182 2293 2189 -——-—-—-

688 2367 1082 2453 Vigilantiae
1129 2374 1418 2450 vestrae,
1470 2365 1869 2432 nobilissime
1916 2366 2113 2433 frater
2155 2367 2389 2450 vigili,
2458 2368 2703 2451 gratias
2748 2368 2986 2453 refero,
3055 2370 3228 2453 quod
3271 2391 3374 2436 me
3419 2373 3613 2455 longo
3658 2393 3774 2459 per
3814 2376 3842 2435 1

515 2495 799 2573 tempore
856 2489 1275 2555 dormientem
1332 2487 1564 2554 vestris
1619 2487 1880 2552 tandem
1939 2487 2541 2572 interrogationibus
2601 2488 2955 2555 excitastis.
3050 2489 3171 2556 deo
3223 2511 3457 2575 magno
3500 2493 3766 2581 gratias,

516 2608 625 2692 qui
683 2628 798 2674 vos
854 2610 946 2675 ita
992 2609 1146 2676 fecit
1188 2610 1528 2691 sollicitos,
1596 2615 1667 2674 ut
1720 2628 1848 2673 non
1908 2609 2113 2674 solum
2172 2609 2356 2675 vobis
2412 2616 2700 2692 tantum,
2765 2616 3073 2694 quantum
3135 2617 3199 2676 et
3254 2612 3403 2677 aliis
3460 2612 3764 2696 vigiletis.
3813 2634 3839 2673 s

515 2737 762 2795 mactae
806 2730 1058 2796 virtutis
1103 2737 1168 2795 et
1211 2729 1445 2796 meriti.
1539 2729 1639 2793 vis
1684 2728 1854 2793 enim
1899 2729 2256 2813 praesentis
2300 2728 2523 2794 mundi
2570 2750 2871 2795 erumnas
2917 2749 3308 2814 cognuscere
3353 2739 3466 2798 aut
3499 2714 3772 2816 vquando
3810 2734 3850 2795 2

515 2849 725 2933 coepit
766 2849 872 2914 vel
917 2849 1072 2932 quid
1116 2850 1202 2915 ad
1244 2870 1360 2915 nos
1407 2869 1608 2932 usque
1652 2868 1998 2934 perpessus
2043 2856 2174 2933 est,
2243 2849 2518 2915 edoceri.
2612 2849 2819 2915 addes
2863 2840 3232 2934 praeterea,
3297 2858 3367 2917 ut
3408 2852 3561 2934 tibi,
3613 2873 3773 2934 quo-

513 2969 701 3035 modo
732 2971 1024 3036 Romana
1064 2989 1169 3035 res
1214 2969 1475 3054 publica
1519 2970 1726 3054 coepit
1771 2976 1837 3035 et
1877 2970 2082 3034 tenuit
2124 2976 2451 3054 totumque
2497 2990 2662 3055 pene
2707 2970 3016 3036 mundum
3061 2972 3321 3055 subegit
3364 2979 3431 3038 et
3457 2973 3771 3039 hactenus

513 3091 617 3155 vel
653 3090 1076 3174 imaginariae
1119 3098 1357 3173 teneat,
1410 3110 1492 3155 ex
1537 3090 1725 3155 dictis
1770 3090 2079 3156 maiorum
2125 3089 2390 3173 floscula
2435 3110 2707 3177 carpens
2749 3091 3031 3158 breviter
3074 3092 3380 3158 referam:
3436 3094 3541 3158 vel
3573 3094 3767 3159 etiam

512 3212 824 3294 quomodo
883 3231 1107 3294 regum
1162 3211 1361 3277 series
1406 3232 1447 3276 a
1489 3212 1760 3277 Romulo
1808 3218 1872 3276 et
1916 3211 2221 3296 deinceps
2265 3212 2347 3277 ab
2392 3212 2687 3295 Augusto
2734 3210 3085 3279 Octaviano
3130 3212 3197 3278 in
3242 3215 3606 3297 Augustum
3652 3235 3768 3280 ve-
3809 3232 3867 3272 ιο

510 3331 677 3398 nerit
717 3331 1179 3414 Iustinianum,
1248 3331 1541 3414 quamvis
1599 3330 2005 3416 simpliciter,
2071 3351 2214 3397 meo
2272 3338 2490 3398 tamen
2548 3331 2664 3397 tibi
2724 3330 2976 3414 eloquio
3034 3331 3338 3418 pandam.
3436 3333 3589 3400 licet
3647 3353 3768 3400 nec
3805 3334 3842 3396 3

512 3453 983 3519 conversationi
1025 3473 1209 3518 meae
1254 3451 1426 3534 quod
1471 3470 1800 3517 ammones
1845 3451 2185 3517 convenire
2228 3458 2440 3535 potest
2484 3470 2603 3517 nec
2646 3451 2938 3536 peritiae,
2989 3458 3228 3536 tamen,
3286 3472 3368 3517 ne
3414 3451 3606 3517 amici
3652 3473 3769 3538 pe-

509 3572 838 3638 titionibus
883 3573 1236 3655 obviemus,
1288 3592 1541 3655 quoquo
1587 3571 1775 3637 modo
1818 3571 2163 3655 valuimus,
2219 3573 2348 3638 late
2395 3567 2623 3657 sparsa
2667 3571 3067 3655 collegimus.
3149 3578 3216 3637 et
3257 3571 3437 3656 prius
3481 3572 3562 3637 ab
3610 3592 3767 3638 auc-

509 3692 762 3758 toritate
808 3692 1171 3757 divinarum
1217 3692 1691 3777 scripturarum,
1745 3692 1847 3757 cui
1894 3698 1959 3757 et
2000 3692 2309 3758 inservire
2355 3691 2677 3774 convenit,
2731 3691 3104 3756 inchoantes
3150 3698 3216 3757 et
3243 3711 3447 3774 usque
3478 3691 3563 3757 ad
3595 3693 3766 3758 orbis

508 3818 715 3877 terrae
761 3811 1072 3878 diluvium
1118 3832 1235 3897 per
1280 3811 1669 3876 familiarum
1700 3812 1913 3896 capita
1943 3817 2291 3891 currenteS,
2346 3811 2723 3877 devenimus
2769 3811 2854 3875 ad
2887 3831 3158 3895 regnum
3188 3812 3366 3896 Nini,
3419 3813 3528 3894 qui
3558 3813 3764 3897 Assy-
3805 3830 3863 3871 ιε

508 3931 741 3996 riorum
786 3931 855 3996 in
899 3939 1093 4015 gente
1136 3951 1417 4016 regnans
1461 3951 1712 3998 omnem
1759 3951 1924 4016 pene
1955 3909 2176 3996 Asiam
2225 3931 2612 4014 subiugavit,
2668 3938 2734 3996 et
2776 3951 2979 4014 usque
3011 3931 3096 3996 ad
3126 3932 3443 3997 Arbacem
3476 3932 3757 4013 Medum,
3880 3993 3883 3996 ,

507 4052 617 4134 qui
675 4051 983 4117 distructo
1042 4072 1241 4135 regno
1285 4052 1691 4137 Assyriorum
1747 4052 1815 4116 in
1875 4051 2103 4116 Medos
2160 4071 2307 4116 eum
2364 4051 2678 4116 convertit
2729 4050 3061 4133 tenuitque
3120 4070 3325 4135 usque
3383 4051 3471 4116 ad
3523 4052 3762 4135 Cyrum

395 4145 401 4153 ⁸
508 4172 792 4254 Persam,
844 4172 952 4255 qui
979 4148 1221 4238 'itidem
1254 4171 1583 4237 Medorum
1627 4192 1896 4254 regnum
1943 4172 2321 4236 subversum
2366 4170 2434 4235 in
2465 4170 2733 4236 Parthos
2777 4172 3126 4255 transtulit,
3179 4179 3246 4238 et
3288 4172 3523 4239 exinde
3560 4192 3763 4257 usque

507 4290 592 4355 ad
635 4291 1078 4357 Alexandrum
1123 4293 1428 4375 Magnum
1473 4291 1927 4382 Macedonem,
2002 4291 2110 4375 qui
2171 4291 2443 4357 devictis
2487 4290 2741 4392 Parthis
2798 4291 2865 4356 in
2910 4290 3257 4357 Grecorum
3317 4292 3566 4357 dicione
3626 4312 3760 4357 rem
3805 4312 3862 4352 ιο

505 4412 830 4495 publicam
890 4412 1264 4478 demutavit.
1359 4420 1504 4498 post
1560 4414 1682 4479 hec
1739 4411 2053 4497 quomodo
2114 4412 2506 4478 Octavianus
2551 4413 2883 4495 Augustus
2928 4413 3128 4479 Cesar
3188 4413 3497 4478 subverso
3555 4432 3754 4496 regno
3793 4416 3828 4473 4

506 4530 851 4597 Grecorum
884 4520 974 4596 *in
1017 4534 1120 4598 ius
1165 4533 1789 4617 dominationemque
1834 4533 2261 4598 Romanorum
2306 4532 2629 4616 perduxit.
2723 4539 2787 4597 et
2830 4533 2983 4615 quia
3027 4539 3178 4599 ante
3222 4534 3586 4617 Augustum
3628 4531 3760 4596 iam

506 4671 620 4736 per
674 4652 1111 4737 septingentos
1169 4672 1371 4717 annos
1428 4653 1789 4735 consolum‚
1857 4651 2235 4717 dictatorum
2289 4672 2641 4735 regumque
2687 4671 2941 4717 suorum
2990 4653 3279 4718 sollertia
3322 4653 3613 4717 Romana
3656 4671 3760 4716 res

505 4772 764 4855 publica
822 4773 1135 4838 nonnulla
1187 4773 1566 4856 subegerat,
1635 4773 1717 4837 ab
1776 4772 1916 4857 ipso
1961 4771 2229 4837 Romulo
2287 4770 2698 4837 aedificatore
2759 4772 2899 4837 eius
2959 4772 3268 4855 originem
3325 4767 3624 4854 sumens,
3690 4771 3760 4836 in

505 4891 854 4958 vicensimo
908 4898 1136 4976 quarto
1194 4913 1360 4958 anno
1419 4892 1764 4958 Iustiniani
1819 4891 2255 4976 imperatoris,
2324 4893 2622 4974 quamvis
2682 4893 2991 4975 breviter,
3071 4913 3198 4958 uno
3259 4901 3476 4959 tamen
3526 4892 3593 4957 in
3652 4899 3760 4958 tuo

682 5239 726 5286 P
756 5240 1026 5302 Vmbram·
1061 5240 1217 5302 adest,
1257 5239 1510 5301 praefatio
1546 5240 1715 5302 deest).
1757 5266 1825 5275 —
1865 5240 2107 5288 Mur-olori
2140 5254 2235 5287 rer.
2280 5239 2399 5288 1201.
2439 5241 2602 5300 script.
2645 5244 2761 5288 tom.
2804 5237 2834 5285 1
2863 5254 2916 5299 p.
2947 5237 3095 5290 222³.

593 5372 611 5393 ⁶
678 5393 725 5444 1.
766 5394 796 5443 2
846 5395 1028 5456 incipit
1062 5395 1187 5442 liber
1222 5396 1443 5444 iordanis
1479 5397 1704 5459 episcopi
1740 5396 1801 5444 dc
1838 5409 2031 5444 summa
2067 5401 2349 5455 temporum
2386 5396 2473 5442 uel
2511 5395 2701 5454 origine
2738 5396 3034 5456 actibusque
3073 5397 3240 5455 gentis
3277 5409 3586 5443 romanorum
3631 5395 3757 5455 (logo

503 5483 631 5529 {elix
656 5481 772 5530 add.
811 5481 867 5542 V)
902 5479 1033 5529 PVS
1239 5482 1268 5530 3
1306 5482 1599 5542 uigilantiae
1636 5477 1858 5548 uestrae]
1904 5482 1958 5540 V,
1999 5482 2265 5540 uigilantia
2288 5495 2403 5528 eum
2430 5481 2491 5540 P,
2532 5482 2824 5541 uigilantius
2850 5487 2969 5529 tuae
2997 5481 3111 5529 Par.
3324 5482 3467 5541 longo
3502 5495 3590 5543 per
3626 5488 3756 5528 tem-

503 5565 642 5635 pore]
680 5567 737 5629 P,
777 5568 925 5628 longa
959 5582 1050 5628 por
1083 5573 1305 5630 tempora
1348 5569 1390 5616 V
1612 5568 1639 5615 7
1679 5568 1820 5616 addis
1866 5569 1907 5615 V
2149 5566 2209 5615 12
2247 5568 2642 5615 conuersationis
2679 5567 2726 5613 P
2944 5581 3262 5615 ammonenes
3301 5566 3346 5613 P
3576 5567 3637 5615 15
3675 5583 3756 5615 as-

503 5655 768 5713 syr-riorum
810 5653 853 5700 P
1116 5653 1177 5702 16
1212 5669 1404 5717 penem·
1432 5655 1479 5701 P
1717 5655 2047 5713 subiungauit
2084 5653 2129 5699 P
2370 5651 2432 5700 19
2469 5649 2693 5718 dicione]
2730 5653 2788 5712 P,
2829 5653 3020 5702 ditione
3067 5653 3105 5698 V
3361 5653 3428 5703 20
3465 5661 3676 5714 augusto
3715 5653 3761 5699 P

504 5738 570 5787 22
607 5753 916 5800 regnumque
952 5740 999 5786 P
1204 5737 1269 5788 24
1306 5743 1545 5789 uicesimo
1594 5741 1635 5788 V
3473 5735 3479 5752 ⁸

658 5837 899 5879 Ionnms.
3313 5842 3335 5890 l
