4882 6775
1890 1693 2032 1789 DE
2099 1693 2538 1791 ORIGINE

1471 1936 2248 2055 ACTIBVSQVE
2323 1940 2955 2051 GETARVM.

2060 2236 2366 2245 *-

760 2422 1094 2487 Volentem
1139 2441 1241 2486 me
1288 2441 1484 2504 parvo
1530 2421 1905 2486 subvectum
1951 2421 2209 2504 navigio
2255 2442 2429 2487 oram
2476 2423 2807 2505 tranquilli
2853 2423 3055 2489 litoris
3102 2422 3414 2507 stringere
3460 2431 3522 2488 et
3565 2424 3840 2490 minutos
3895 2431 3916 2487 l

589 2522 671 2589 de
715 2524 1087 2608 priscorum,
1141 2531 1211 2588 ut
1256 2524 1516 2606 quidam
1563 2524 1673 2605 ait,
1728 2524 1976 2606 stagnis
2019 2525 2364 2608 pisciculos
2410 2527 2653 2607 legere,
2707 2526 2771 2589 in
2817 2527 3041 2607 altum,
3094 2526 3291 2591 frater
3321 2527 3585 2609 Castali,
3640 2528 3844 2592 laxari

527 2658 552 2695 5
589 2627 735 2691 vela
780 2627 1113 2711 compellis
1157 2627 1505 2709 relictoque
1551 2628 1895 2710 opuscuIO,
1949 2627 2117 2710 quod
2161 2628 2330 2693 intra
2376 2649 2604 2693 manus
2651 2629 2896 2710 habe0,
2946 2628 3017 2693 id
3063 2636 3181 2710 est,
3234 2629 3315 2694 de
3361 2629 3843 2695 adbreviatioue

589 2731 1060 2813 chronicorum,
1143 2729 1415 2811 suadeS,
1493 2736 1564 2795 ut
1634 2729 1870 2794 nostris
1944 2731 2158 2795 verbis
2233 2731 2581 2796 duodecem
2648 2731 2976 2797 Senatoris
3048 2732 3375 2796 volumina
3448 2732 3529 2797 de
3601 2733 3845 2816 origine

586 2840 890 2916 actusque
951 2833 1257 2898 Getarum
1320 2833 1402 2896 ab
1465 2832 1617 2897 olim
1679 2840 1744 2897 et
1801 2853 2002 2914 usque
2063 2854 2228 2899 nunc
2289 2855 2405 2919 per
2463 2834 2911 2917 generationes
2972 2854 3285 2918 regesque
3346 2819 3880 2902 descendentem¹

586 2937 654 3001 in
699 2958 823 3002 uuo
882 2943 948 3002 et
1001 2936 1121 3001 hoc
1178 2956 1375 3021 parvo
1434 2936 1654 3001 libello
1715 2936 2070 3001 choartem:
2142 2937 2303 3002 dura
2364 2939 2521 3003 satis
2579 2937 2854 3023 imperia
2912 2945 2978 3003 et
3032 2946 3357 3021 tamquam
3416 2939 3499 3003 ab
3558 2959 3667 3020 e0,
3732 2938 3841 3022 qui
3888 2945 3927 3004 2

585 3039 834 3123 pondus
878 3039 1089 3124 operis
1136 3039 1324 3103 huius
1369 3039 1534 3104 scire
1577 3039 1784 3121 nollit,
1836 3040 2134 3125 inposita.
2215 3062 2337 3107 nec
2376 3041 2545 3107 illud
2589 3041 2850 3126 aspicis,
2902 3042 3072 3124 quod
3117 3042 3331 3107 tenuis
3377 3042 3534 3106 mihi
3582 3048 3683 3107 est
3711 3043 3847 3126 spi-

755 3316 1379 3379 HPVLABxffffl.

751 3457 929 3518 incipit
965 3457 1026 3504 de
1063 3457 1254 3517 origine
1292 3457 1589 3518 actibusque
1625 3463 1851 3515 getarum
1887 3459 2212 3518 praemittunt
2243 3457 2551 3519 praefationi
2587 3457 2807 3505 HPVL:
2852 3460 2985 3518 origo
3020 3461 3187 3518 gentis
3224 3465 3444 3519 getamm
3482 3472 3546 3506 ex
3583 3460 3706 3507 libro
3742 3461 3842 3509 ior-

579 3544 720 3591 danis
756 3549 1048 3604 excerptum
1084 3541 1148 3590 S:
1201 3545 1384 3605 incipit
1421 3544 1662 3605 praefatio
1699 3544 1938 3591 historiae
1977 3550 2201 3603 getarum
2252 3545 2505 3592 iornandis
2554 3547 2755 3593 castalio
2799 3544 3107 3606 praefationi
3138 3547 3436 3606 praemittit,
3492 3547 3627 3606 operi
3663 3547 3843 3607 incipit

581 3629 706 3677 liber
742 3628 996 3677 iornandis
1033 3629 1097 3676 de
1134 3630 1324 3689 origine
1362 3634 1579 3691 actuque
1617 3635 1841 3690 getarum
1869 3631 1943 3677 B.-
1984 3632 2034 3677 in
2075 3632 2164 3678 hoc
2201 3645 2397 3693 corpore
2433 3631 2718 3679 continetur
2759 3633 2830 3692 (in
2869 3633 2916 3680 h.
2960 3645 3003 3679 c.
3044 3646 3087 3680 c.
3127 3645 3225 3679 om.
3258 3631 3315 3691 Z)
3359 3632 3585 3680 chronica
3620 3632 3841 3680 iordanis

580 3716 799 3777 episcopi
834 3715 1125 3763 rauennatis
1163 3716 1390 3763 ciuitatis
1426 3716 1487 3763 de
1523 3717 1716 3774 origine
1754 3717 2105 3764 tic-uocabulis
2141 3720 2308 3776 gentis
2345 3718 2608 3777 gothorum
2643 3717 2810 3764 aedita
2846 3719 2908 3766 ad
2945 3718 3185 3766 castulum
3230 3719 3488 3779 (castulum
3515 3719 3571 3778 Z)
3616 3724 3843 3779 sumpta·

580 3814 678 3862 que
716 3815 779 3848 ex
817 3803 1103 3852 auctoribus
1137 3805 1229 3849 cet.
1276 3802 1341 3862 (ν’.
1365 3803 1552 3863 praef.)
1600 3802 1907 3862 praefationi
1950 3805 2302 3862 praemittunt,
2354 3803 2481 3850 nihil
2527 3806 2571 3850 ei
2616 3803 2926 3852 subscribunt
2966 3805 3084 3850 XZ:
3137 3806 3318 3865 incipit
3364 3805 3576 3865 prelatio
3624 3805 3841 3852 iordanis

581 3888 801 3949 episcopi
849 3889 1140 3934 rauennatis
1188 3887 1248 3934 ad
1297 3888 1544 3934 castulum
1584 3890 1638 3935 in
1674 3889 1881 3935 historia
1915 3895 2139 3947 getarum
2174 3888 2480 3948 praefationi
2512 3892 2804 3951 praemittit,
2858 3890 3032 3937 subicit
3068 3893 3112 3937 ei
3148 3891 3363 3951 explicit
3398 3892 3613 3954 prefatio
3658 3891 3840 3951 incipit

580 3973 785 4020 historia
818 3973 1034 4021 iordanis
1071 3974 1290 4034 episcopi
1326 3973 1388 4020 de
1425 3975 1618 4022 actibus
1654 3981 1878 4034 getarum
1916 3974 1980 4020 Y:
2018 3975 2197 4035 incipit
2231 3976 2463 4036 prologus
2499 3975 2735 4023 historiae
2770 3976 3031 4035 gothorum
3062 3977 3363 4039 praefationi
3396 3978 3680 4036 praemittit,
3722 3976 3838 4024 sab-

579 4057 740 4106 scribit
773 4062 817 4106 ei
866 4061 999 4121 expl.
1047 4061 1227 4121 incipit
1274 4059 1483 4108 historia
1532 4059 1794 4119 gothorum
1833 4061 1878 4106 A
2104 4059 2134 4106 3
2173 4062 2372 4109 uolente
2413 4061 2509 4108 ΧΥ
2709 4064 3011 4111 subuectum
3049 4058 3276 4128 nauigio]
3313 4063 3404 4109 ΒΧ
3416 4062 3453 4108 Υ
3482 4077 3596 4110 cum
3635 4062 3830 4123 Barim,

580 4146 822 4193 subuectu
860 4147 1050 4203 nauigii
1085 4146 1323 4193 HPVLA
1601 4147 1981 4207 litoristringere
2019 4147 2143 4205 ΗΡ,
2201 4150 2350 4195 maris
2388 4149 2636 4208 stringere
2673 4148 2836 4209 ΧΥΖ,
2894 4149 3052 4196 litoris
3101 4149 3349 4210 attingere
3399 4150 3640 4208 stringere
3690 4149 3832 4197 Vind-

579 4230 611 4279 4
648 4233 831 4279 castale
872 4219 1018 4292 X⁶Z,-
1045 4234 1234 4281 castule
1272 4232 1441 4280 AX‘Y
1649 4229 1831 4299 laxari]
1871 4232 2074 4293 HPVL,
2122 4233 2290 4282 laxare
2330 4234 2520 4281 ABXY
2553 4233 2772 4295 Rufinus
2979 4235 3010 4282 5
3046 4231 3199 4300 intra]
3235 4235 3366 4282 inter
3405 4234 3448 4280 A
3657 4232 3837 4301 habeo]

579 4319 728 4367 habet
766 4319 858 4365 ΧΥ
1098 4318 1153 4366 id
1189 4315 1291 4384 est]
1327 4321 1420 4368 hoc
1457 4327 1533 4367 est
1570 4321 1677 4379 ΧΥ,
1720 4333 1817 4367 om.
1849 4320 1893 4366 A
2138 4320 2448 4368 breuiationc
2485 4320 2530 4366 Β
2772 4320 2804 4369 6
2841 4320 3182 4368 chornicorum
3222 4319 3267 4366 P
3505 4321 3533 4368 7
3570 4318 3836 4387 actusque]

579 4404 780 4466 HPVL,
823 4409 1040 4466 actuque
1075 4406 1134 4464 B,
1177 4407 1472 4468 actibusque
1510 4406 1695 4453 AXYZ
1925 4411 1978 4453 et
2014 4402 2201 4470 usque]
2238 4405 2467 4466 adusque
2506 4406 2550 4452 A
2781 4403 3045 4472 regesque]
3082 4412 3134 4454 et
3170 4419 3308 4465 reges
3352 4407 3396 4453 A
3624 4406 3834 4455 descen-

579 4487 806 4557 dentem]
841 4491 1177 4540 descendente
1216 4491 1258 4537 B
1292 4491 1458 4551 vind„
1499 4492 1857 4540 descendentia
1892 4492 1936 4538 A
2181 4489 2211 4539 8
2250 4505 2406 4539 unum
2441 4491 2487 4537 Β
2694 4492 2828 4540 hunc
2865 4491 2907 4538 L
3115 4488 3392 4557 choartem]
3429 4491 3537 4551 ΗΡ,
3586 4493 3835 4540 cohartem

588 4577 686 4637 VL,
726 4583 938 4626 coertem
976 4577 1165 4624 ΑΒΧΥ
1399 4578 1523 4626 dura
1558 4574 1703 4643 satis]
1742 4577 1934 4625 ΑΒΧΥ
1962 4592 2077 4626 cum
2112 4576 2313 4640 Rufina,
2357 4577 2547 4626 duratis
2585 4576 2776 4625 HPVL
3036 4575 3067 4625 9
3106 4573 3274 4642 nollit]
3310 4577 3468 4640 IIPV,
3510 4579 3638 4627 nolit
3676 4578 3829 4641 LAB,

578 4664 733 4711 nollet
769 4662 908 4709 ΧΥΖ

750 4888 1011 4937 Iordanem
1047 4888 1324 4949 impudenti
1354 4890 1526 4948 playio
1571 4887 1717 4950 (quod
1752 4891 1954 4937 minime
1990 4892 2190 4937 excusat
2227 4892 2350 4937 tecta
2387 4889 2618 4947 atleyatio
2655 4894 2713 4936 ut
2737 4889 2940 4950 quidam
2965 4889 3049 4950 ait)
3092 4904 3236 4937 suam
3272 4888 3448 4950 secisse
3478 4891 3833 4952 praefationem

578 4989 710 5030 eant,
765 4990 913 5037 quam
949 4974 1162 5038 Rufinus
1206 4977 1462 5037 praemisit
1497 4978 1712 5023 versioni
1746 4977 2079 5022 commentarii
2123 4975 2350 5034 Oriyenis
2385 4989 2534 5035 super
2568 4976 2830 5036 epistulam
2868 4975 3019 5023 Pauli
3053 4975 3119 5023 ad
3154 4975 3401 5022 Romanos
3440 4977 3572 5036 (opp.
3612 4975 3688 5024 ed.
3732 4976 3833 5023 De-

577 5060 716 5107 larue
742 5059 900 5109 Paris.
931 5063 1059 5109 1759
1083 5063 1183 5110 vol.
1215 5064 1244 5108 A
1267 5077 1320 5122 p.
1351 5062 1493 5122 438),
1535 5060 1803 5109 observavit
1828 5061 2050 5123 Sybelius
2089 5059 2341 5122 (Schmidt,
2374 5059 2653 5120 zeitschrift
2676 5060 2764 5121 Ῑῖὶν
2789 5059 3400 5120 Geschichtmissenschast
3422 5063 3521 5109 vol.
3553 5064 3581 5108 ‘7
3603 5077 3653 5122 p.
3686 5063 3825 5121 288).

587 5146 708 5194 Vtile
758 5149 920 5194 visam
972 5153 1043 5195 est
1096 5150 1255 5207 ipsam
1303 5146 1474 5209 Rufini
1527 5148 1789 5207 epistulam
1843 5147 2032 5195 adicere
2085 5147 2150 5195 ad
2197 5149 2388 5207 scriptis
2435 5147 2718 5194 lectionibus
2764 5146 2973 5195 duorum
3019 5146 3252 5196 librorum
3294 5150 3831 5206 praestantissimorum

579 5232 888 5280 Ambrosiam
930 5233 1007 5294 (A)
1052 5234 1097 5279 Α
1134 5236 1232 5281 135
1271 5232 1369 5294 ins.
1409 5235 1527 5281 olim
1564 5234 1814 5281 Bobiensie
1850 5248 1976 5281 saec.
2022 5230 2168 5296 IXJX
2199 5239 2245 5280 et
2289 5233 2534 5280 Casinatis
2567 5234 2669 5279 346
2712 5233 2810 5295 (C),
2851 5247 2973 5295 quos
3006 5248 3115 5281 mea
3150 5247 3299 5280 causa
3335 5236 3650 5283 contulerunt
3686 5237 3830 5283 ilium

576 5321 867 5369 Benedictus
909 5320 1060 5378 Niese,
1105 5320 1234 5368 hunc
1273 5321 1528 5379 Auyustue
1567 5319 1708 5369 Mau.

746 5404 1046 5458 Volentem
1083 5418 1169 5456 me
1204 5419 1380 5472 parvo
1417 5403 1750 5458 subvectum
1788 5403 2016 5471 navigio
2053 5418 2205 5455 oram
2241 5401 2531 5470 tranquilli
2569 5401 2751 5456 litoris
2787 5403 3065 5471 stringere
3102 5409 3163 5458 et
3197 5403 3441 5458 minutos
3479 5403 3551 5457 de
3588 5403 3830 5459 Graeco·

577 5505 693 5543 rum
731 5490 950 5557 stagnis
985 5489 1288 5558 pisciculos
1325 5489 1531 5557 legere,
1575 5490 1631 5543 in
1668 5490 1860 5551 altum,
1902 5487 2078 5542 frater
2113 5487 2338 5542 Heracli
2383 5489 2571 5550 (eracli
2602 5492 2679 5551 Ο),
2723 5489 2913 5542 laxare
2951 5490 3081 5543 vela
3116 5488 3387 5558 conpellis
3432 5489 3737 5558 (conpelles
3759 5495 3817 5554 Α)

577 5576 885 5645 relictoque
921 5591 1108 5644 opere,
1149 5574 1299 5645 quod
1337 5575 1395 5628 in
1431 5574 1837 5629 transferendis
1875 5575 2119 5629 homiliis
2163 5578 2274 5640 (om.
2305 5576 2362 5637 A)
2408 5572 2713 5628 Adamauti
2750 5576 2901 5628 senis
2938 5575 3234 5638 habebam,
3277 5577 3503 5638 suades,
3545 5582 3609 5630 ut
3633 5582 3827 5630 nostra

575 5677 714 5716 voce
750 5661 1068 5731 quindecim
1105 5662 1227 5714 cius
1264 5662 1566 5724 volumina,
1607 5662 1812 5731 quibus
1850 5661 2150 5731 epistulam
2176 5659 2333 5714 Pauli
2361 5661 2434 5715 ad
2459 5661 2741 5714 Romanos
2780 5661 3065 5723 disseruit,
3106 5662 3482 5730 explicemus:
3525 5659 3825 5730 inquibus

575 5749 667 5802 ille
706 5749 836 5802 dum
874 5753 1126 5802 sectatur
1160 5747 1404 5816 apostoli
1440 5763 1690 5811 sensum,
1743 5749 1797 5802 in
1845 5756 1960 5802 tam
2008 5745 2345 5817 profundum
2392 5747 2628 5816 pelagus
2673 5745 2957 5812 aufertur,
3011 5753 3074 5801 ut
3120 5754 3303 5802 metus
3341 5749 3537 5814 ingens
3577 5749 3653 5802 sit
3689 5748 3822 5802 illuc

575 5850 699 5889 eum
735 5834 1024 5903 sequenti,
1075 5850 1144 5888 ne
1193 5835 1577 5902 magnitudine
1627 5851 1888 5889 sensuum
1938 5835 2095 5889 velut
2141 5834 2489 5888 immanitate
2537 5834 2883 5903 opprimatur
2928 5835 3219 5888 undarum.
3297 5840 3413 5887 tum
3464 5834 3669 5888 deinde
3721 5850 3822 5887 nec
