4882 6775
66 1048 322 1123 §Tullo-ul«.
338 1047 446 1107 ‘sais
459 1073 482 1107 ρ)
522 1028 698 1091 ,ςαρῗὶᾷυ
716 1026 748 1087 »ὅ
763 1038 816 1083 70-
833 1047 938 1078 wss‹
1067 947 1088 1117 χ

146 1229 186 1244 V'*
243 1238 248 1247 s

183 1274 254 1333 .’[
297 1250 465 1319 [3⁸³³]

299 1320 307 1343 ί

1118 468 1142 527 1
1159 467 1239 528 02
2564 459 2924 517 IORDANIS

772 652 1070 718 XXXIII
1114 673 1290 734 rum,
1356 653 1465 734 qui
1522 652 1755 718 dicitur
1812 652 2016 718 fretus
2062 651 2423 717 Gaditanus
2484 658 2547 717 et
2610 652 2718 715 vix
2764 658 3008 734 septem
3056 649 3316 714 milibus
3361 650 3642 714 Africam
3690 650 3772 713 ab
3818 649 4078 732 Spaniis
4123 649 4374 715 djvidet

948 756 1067 820 168
1115 755 1405 839 ostiaque
1462 757 1660 822 maris
1705 754 1977 841 Tyrreni
2037 754 2105 819 in
2150 754 2396 821 Oceani
2441 763 2582 819 estu
2629 754 2943 837 egeritur,
3007 752 3422 836 transposuit.
3517 759 3655 817 erat
3696 772 3973 835 namque
4018 751 4372 836 Gyzericus

1111 858 1243 923 iam
1291 859 1721 924 Romanorum
1768 858 1954 924 clade
1998 858 2066 923 in
2113 858 2270 923 urbe
2316 858 2723 937 notissimus,
2790 863 3035 922 statura
3084 854 3419 920 mediocris
3465 864 3528 921 et
3573 855 3721 939 equi
3769 874 3922 921 casu
3967 854 4362 936 claudicans,

1112 961 1329 1027 animo
1375 961 1763 1047 profundus,
1819 980 2107 1026 sermone
2153 980 2372 1041 rarus,
2426 961 2718 1025 luxoriae
2764 966 3179 1044 contemptor,
3234 958 3332 1023 ira
3376 958 3690 1042 turbidae,
3742 958 4025 1024 habendi
4070 958 4363 1043 cupidus,

1114 1064 1200 1129 ad
1259 1065 1701 1131 sollicitandas
1761 1070 1989 1148 gentes
2048 1062 2683 1148 providentissimus,
2754 1063 3001 1128 semina
3062 1062 3531 1128 contentionum
3588 1047 3833 1145 iacere,
3901 1063 4050 1128 odia
4101 1062 4371 1127 miscere

952 1120 1401 1267 169]paratus.
1497 1167 1614 1232 tali
1658 1157 2057 1333 Africa]rem
2103 1167 2430 1251 publicam
2477 1166 2814 1251 praecibus
2861 1165 3200 1246 Bonifatii,
3253 1174 3324 1231 ut
3367 1165 3677 1241 diximus,
3731 1166 4039 1231 invitatus
4083 1165 4363 1244 intravit,

1113 1271 1223 1336 ubi
1267 1292 1309 1335 a
1352 1270 1708 1349 divinitate,
1764 1277 1835 1334 ut
1905 1277 2097 1351 ertur‚
2150 1278 2415 1355 accepta
2459 1269 2837 1335 auctoritate
2884 1270 2994 1334 diu
3039 1289 3342 1353 regnans,
3394 1276 3544 1334 ante
3591 1269 3828 1334 obitum
3877 1289 4060 1336 sunm
4097 1268 4370 1333 filiorum

1114 1372 1374 1455 agmine
1419 1373 1622 1438 accito
1668 1372 2021 1454 ordinavit,
2087 1394 2170 1438 ne
2215 1372 2381 1439 inter
2422 1374 2599 1457 ipsos
2644 1374 2723 1439 de
2769 1373 2953 1456 regni
2999 1373 3346 1438 ambitione
3389 1371 3657 1436 intentio
3703 1380 3910 1451 esset,
3979 1372 4096 1436 sed
4148 1371 4372 1436 ordine

1114 1476 1387 1558 quisque
1434 1482 1498 1541 et
1543 1474 1751 1558 gradu
1799 1494 1933 1556 suo,
1989 1476 2104 1540 alii
2149 1476 2205 1541 si
2253 1477 2710 1561 superviveret,
2765 1477 2833 1542 id
2880 1483 2996 1551 est,
3053 1475 3287 1541 seniori
3333 1494 3449 1538 suo
3493 1474 3675 1539 fieret
3721 1494 3998 1557 sequens
4045 1457 4374 1539 successor

1115 1586 1181 1644 et
1222 1597 1441 1643 rursus
1487 1578 1547 1644 ei
1591 1579 1902 1662 posterior
1946 1580 2105 1645 eiuS.
2201 1579 2373 1662 quod
2429 1580 2845 1645 observantes
2903 1600 3019 1664 per
3076 1598 3385 1643 annorum
3444 1578 3787 1642 multorum
3845 1577 4059 1660 spatia
4103 1596 4368 1658 regnum

1115 1680 1389 1746 feliciter
1434 1680 1859 1766 possiderunt,
1914 1702 2064 1761 nec,
2122 1689 2191 1747 ut
2233 1684 2299 1747 in
2345 1683 2613 1765 reliquis
2659 1683 2959 1766 gentibus
3005 1682 3292 1763 adsolet,
3343 1680 3647 1747 intestino
3692 1680 3863 1745 bello
3909 1679 4150 1745 foedati
4197 1687 4362 1757 sunt,

955 1788 1075 1851 170
1123 1804 1364 1866 suoque
1424 1784 1648 1849 ordine
1708 1804 1872 1849 unus
1915 1793 2061 1869 post
2105 1806 2299 1850 unum
2344 1806 2614 1869 regnum
2660 1786 2989 1870 excipiens
3034 1786 3098 1850 in
3145 1805 3305 1870 pace
3348 1784 3605 1870 populis
3649 1783 4011 1867 imperavit.
4104 1802 4372 1865 quorum

1116 1886 1270 1953 ordo
1316 1886 1438 1953 iste
1484 1907 1562 1952 ac
1607 1887 1929 1953 successio
1976 1888 2128 1954 fuit:
2190 1888 2467 1973 primum
2514 1888 2900 1972 Gyzericus,
2952 1888 3065 1972 qui
3109 1895 3293 1972 pater
3338 1896 3402 1953 et
3448 1886 3776 1959 dominus,
3830 1905 4107 1968 sequens
4152 1885 4371 1949 Hune-

1115 1990 1317 2071 ricus,
1386 1990 1614 2056 tertius
1662 1991 2240 2073 Gunthamundus,
2306 2000 2575 2074 quartus
2620 1992 3183 2073 ThrasamunduS,
3249 1991 3512 2075 quintus
3556 1990 3854 2055 Ilderich.
3948 2008 4138 2071 quem
4198 1987 4372 2051 malo

1115 2093 1326 2177 gentis
1389 2113 1546 2159 suae
1581 2094 1881 2181 QiQ
1936 2095 2249 2160 inmemor
2305 2095 2480 2160 atavi
2536 2103 3020 2180 praeceptorum
3082 2095 3162 2160 de
3220 2114 3418 2178 regno
3479 2094 3754 2159 eiectum
3816 2100 3881 2158 et
3922 2092 4371 2174 interemptum

953 2201 1067 2261 171
1118 2196 1459 2281 tyrannide
1504 2200 1954 2284 praesumpsit.
2054 2198 2172 2264 sed
2229 2218 2354 2263 non
2416 2198 2475 2264 ei
2535 2200 2729 2263 cessit
2786 2198 3027 2281 inpune
3079 2198 3250 2280 quod
3295 2197 3558 2262 fecerat.
3650 2215 3799 2260 nam
3845 2214 3989 2258 mox
4036 2194 4374 2260 Iustiniani

1115 2300 1517 2384 imperatoris
1578 2300 1735 2365 ultio
1792 2302 1860 2366 in
1919 2322 2066 2367 eum
2111 2301 2413 2386 apparuit
2459 2310 2522 2366 et
2568 2321 2709 2366 cum
2758 2321 2943 2366 omne
2989 2320 3194 2383 genus
3239 2320 3424 2365 suum
3469 2299 3860 2384 opibusque,
3924 2297 4157 2380 quibus
4200 2317 4373 2361 more

1115 2402 1460 2487 praedonis
1513 2403 1894 2486 incubabat,
1962 2405 2583 2489 Constantinopolim
2642 2405 2897 2469 delatus
2957 2425 3072 2488 per
3106 2394 3334 2468 *virum
3392 2401 3927 2486 gloriosissimum
3974 2400 4372 2466 Belesarium

1117 2526 1291 2590 mag.
1343 2507 1479 2571 mil.
1533 2505 1960 2590 Orientalem,
2014 2509 2419 2574 exconsolem
2467 2505 2855 2572 ordinarium
2902 2515 3094 2590 atque
3139 2506 3512 2591 patricium,
3580 2524 3884 2587 magnum
3929 2504 3998 2569 in
4046 2504 4211 2568 circo
4256 2524 4375 2588 po-

1117 2609 1272 2693 pulo
1333 2610 1767 2694 spectaculum
1828 2610 1950 2675 fuit
2008 2630 2279 2694 seraque
2342 2631 2498 2676 suae
2558 2610 2990 2695 paenitudinis
3048 2630 3280 2693 gerens
3340 2631 3485 2676 cum
3548 2628 3617 2674 se
3678 2608 3928 2673 videret
3988 2607 4067 2672 de
4114 2607 4374 2690 fastigio

955 2716 1075 2777 172
1120 2712 1327 2794 regali
1388 2711 1738 2793 deiectum,
1807 2714 2097 2796 privatae
2155 2713 2362 2796 vitae,
2429 2713 2532 2779 cui
2575 2713 2779 2777 noluit
2825 2713 3158 2794 famulari,
3222 2712 3521 2778 redactus
3575 2711 3889 2777 occubuit.
3986 2710 4078 2775 sic
4124 2710 4365 2790 Africa,

1117 2834 1284 2896 quae
1327 2813 1395 2878 in
1442 2814 1756 2880 divisione
1802 2815 1978 2880 urbis
2023 2822 2334 2881 terrarum
2379 2817 2571 2881 tertia
2615 2837 2767 2901 pars
2811 2817 3035 2882 mundi
3079 2815 3516 2898 describitur1)
3550 2868 3561 2897 ,
3631 2815 3978 2880 centesimo
4025 2813 4159 2878 fere
4205 2833 4373 2877 anno

1119 2937 1158 2980 a
1219 2916 1576 2982 Vandalico
1646 2917 1797 3001 iugo
1870 2926 2092 3003 erepta
2165 2919 2230 2984 in
2297 2920 2596 2985 libertate
2654 2928 2952 2985 revocata
3007 2927 3108 2985 est
3163 2919 3344 3002 regni
3401 2918 3705 3000 Romani,
3784 2924 3848 2983 et
3906 2937 4071 2999 quae
4133 2915 4374 2980 dudum

1117 3018 1375 3102 ignavis
1434 3018 1708 3084 dominis
1770 3019 2169 3103 ducibusque
2213 3020 2584 3087 infidelibus
2628 3043 2669 3086 a
2712 3022 2805 3087 rei
2849 3023 3146 3107 publicae
3192 3023 3518 3086 Romanae
3566 3040 3793 3105 corpus
3838 3018 4103 3104 gentilis
4147 3037 4375 3084 manus

1290 3400 1964 3465 HPVLon(rz).

1295 3572 1316 3621 1
1358 3569 1474 3639 qui]
1508 3575 1642 3635 quod
1686 3573 1728 3620 Ο
2005 3575 2189 3623 fretum
2225 3575 2517 3634 gaditanum
2557 3576 2650 3622 AX
2660 3576 2699 3623 Y
2970 3575 3198 3636 hispanis
3236 3576 3330 3622 XY
3601 3570 3820 3638 diuidet]
3855 3572 4012 3634 HPV,
4064 3571 4249 3618 diuidit
4283 3573 4375 3622 rel.

1119 3657 1149 3707 2
1185 3659 1507 3721 hostiumque
1545 3660 1590 3707 A
1832 3662 2035 3719 tyrenni
2071 3660 2122 3723 V,
2165 3662 2369 3708 tirrinni
2410 3660 2452 3707 Ο
2689 3656 2826 3726 estu]
2863 3660 3112 3722 HPVLO,
3157 3668 3353 3709 aestum
3393 3661 3533 3708 AXY
3762 3655 4006 3723 egeritur]
4040 3667 4272 3717 egeretur
4312 3657 4373 3716 Ο,

1118 3745 1328 3805 erigitur
1363 3744 1547 3792 LXYZ
1753 3747 2008 3805 gezericus
2051 3745 2093 3792 Ο
2319 3744 2349 3793 3
2387 3742 2511 3811 iam]
2548 3761 2649 3794 *s*
2684 3748 2785 3794 iam
2822 3746 2877 3793 H
3080 3747 3216 3795 clade
3254 3762 3351 3796 om.
3382 3746 3477 3794 ΧΥ
3682 3746 3796 3793 orbe
3836 3746 3930 3791 AX
3942 3744 4023 3790 ΥΖ
4231 3744 4262 3791 4
4299 3758 4377 3791 ra-

1118 3836 1204 3878 tus
1247 3829 1290 3876 Ο
1498 3827 1746 3896 luxoriae]
1782 3833 1849 3891 H,
1890 3832 2085 3880 luxorie
2116 3831 2176 3893 Ο,
2218 3833 2452 3880 luxuriae
2485 3834 2576 3881 rel.
2789 3829 3030 3898 habendi]
3068 3832 3241 3881 habidi
3270 3831 3311 3879 O
3521 3831 3553 3880 6
3591 3832 3680 3880 tali
3718 3827 3890 3896 africa]
3927 3830 4085 3888 HPV,
4127 3831 4218 3877 tali
4254 3831 4377 3878 afri-

1120 3929 1204 3964 cae
1249 3915 1403 3978 OXZ,
1447 3917 1563 3965 talis
1601 3919 1780 3965 africae
1817 3918 1929 3979 AY,
1969 3918 2061 3966 tali
2098 3919 2301 3966 africam
2339 3916 2381 3964 L
2591 3920 2837 3966 bonefacii
2876 3925 2932 3966 ut
2969 3919 3072 3968 dix.
3116 3920 3178 3980 A,
3222 3925 3280 3966 ut
3313 3918 3418 3966 dix.
3460 3919 3697 3966 bonifatii
3735 3916 3777 3964 L
4010 3916 4035 3963 ’ἵ
4079 3912 4130 3982 a]
4166 3916 4224 3963 ad
4268 3916 4309 3962 Ο

1119 4007 1180 4050 ut
1200 4003 1239 4050 f.
1269 4016 1316 4052 a.
1345 4007 1477 4052 auct.
1507 4016 1603 4052 om.
1640 4002 1682 4051 Ο
1878 4000 2114 4070 filiorum]
2151 4005 2221 4052 nl.
2252 4018 2457 4053 suorum
2484 4005 2530 4051 A
2739 4003 2769 4053 8
2805 4015 2981 4065 agmen
3008 4006 3223 4053 accitum
3254 4004 3295 4051 Ο
3491 4005 3624 4064 rigni
3651 4002 3693 4050 Ο
3898 3999 4137 4068 intentio]
4172 4009 4381 4051 conten-

1117 4089 1188 4135 tio
1213 4087 1274 4149 A,
1302 4101 1399 4137 om.
1428 4088 1471 4135 Ο
1657 4089 1688 4139 9
1724 4090 1810 4138 alii
1836 4085 1904 4156 si]
1929 4090 2044 4137 aliis
2075 4088 2117 4136 Ο
2291 4086 2582 4155 superum]
2605 4103 2732 4152 puer
2755 4091 2864 4138 uiu.
2895 4090 2997 4137 ΧΥ
3162 4085 3276 4155 suo]
3302 4103 3392 4138 suo
3416 4090 3518 4139 filio
3546 4089 3682 4136 XYZ
3869 4088 3930 4138 10
3968 4083 4098 4153 eius]
4124 4090 4170 4135 ei
4195 4090 4307 4137 eius
4335 4087 4379 4134 Ο

1122 4172 1181 4222 11
1221 4170 1566 4241 possiderunt]
1602 4174 1809 4235 HPVL,
1849 4175 2181 4237 possederunt
2218 4176 2314 4223 AX
2324 4177 2375 4235 Y,
2415 4181 2701 4237 posserumt
2734 4174 2777 4221 Ο
2987 4172 3065 4242 ut]
3102 4175 3234 4237 quod
3265 4175 3307 4222 Ο
3516 4177 3573 4223 in
3611 4191 3709 4224 om.
3738 4177 3784 4222 A
3994 4170 4262 4240 intestino]
4298 4177 4381 4222 in-

1118 4262 1410 4310 testimonio
1454 4260 1496 4309 Ο
1709 4260 1770 4310 12
1808 4263 2096 4323 suscipiens
2129 4275 2288 4321 regnu
2334 4261 2376 4308 Ο
2586 4263 2894 4323 imperarunt
2936 4260 2977 4308 Ο
3189 4259 3251 4309 13
3289 4275 3346 4308 ac
3381 4257 3649 4327 successio]
3687 4262 3912 4309 accensio
3937 4261 3977 4308 L
4184 4261 4378 4323 primus

1119 4345 1217 4393 ΧΥ
1454 4348 1703 4407 gigericus
1743 4348 1787 4395 Ο
2052 4347 2112 4396 14
2151 4347 2529 4407 guntamundus
2564 4349 2626 4409 A,
2669 4348 3059 4407 gundamundus
3102 4347 3159 4406 Ο,
3204 4347 3608 4407 gunthemandus
3646 4347 3786 4394 XYZ
4026 4346 4378 4395 trasamundus

1122 4429 1277 4491 AOI’,
1321 4433 1707 4482 transamundus
1745 4433 1806 4496 L,
1846 4433 2229 4482 thrasimundus
2266 4434 2324 4493 Z,
2365 4433 2699 4481 thramundus
2737 4434 2785 4481 Χ
3025 4429 3261 4499 ilderich]
3297 4433 3458 4490 HPV,
3501 4433 3744 4481 hilderich
3782 4432 3891 4494 LO,
3934 4432 4142 4480 hilderic
4180 4435 4241 4494 A,
4282 4433 4381 4481 hil·

1119 4517 1315 4564 dericus
1353 4518 1493 4566 XYZ
1702 4515 1875 4585 quern]
1911 4533 2009 4580 que
2048 4520 2094 4566 A
2346 4517 2408 4567 15
2447 4525 2622 4578 gentes
2665 4519 2707 4566 Ο
2916 4514 3089 4585 regno]
3124 4532 3220 4579 gno
3257 4520 3302 4567 A
3509 4522 3668 4567 eiecto
3705 4525 3755 4566 et
3791 4522 4096 4580 interempto
4142 4519 4241 4580 (·tu
4286 4518 4372 4578 0⁶)

1127 4602 1186 4665 Ο,
1230 4603 1413 4652 deiecit
1448 4610 1500 4652 et
1537 4617 1593 4653 eo
1629 4605 1932 4667 interempto
1969 4604 2013 4651 A
2249 4603 2310 4652 16
2347 4605 2668 4663 tyrannidem
2704 4604 2855 4652 AOY
3070 4607 3148 4654 eis
3184 4606 3335 4653 cessit
3379 4604 3439 4666 Ο,
3481 4606 3701 4654 excessit
3736 4605 3837 4652 ΧΥ
4055 4619 4171 4653 mox
4207 4618 4301 4652 om.
4337 4605 4380 4652 Ο

1125 4688 1184 4738 17
1225 4690 1351 4738 ultio
1392 4691 1536 4752 (natio
1574 4688 1678 4752 H‘1)
1722 4692 1779 4738 in
1814 4685 1956 4756 eum]
1991 4688 2246 4752 HPLXY,
2288 4691 2537 4738 ultionem
2583 4689 2688 4751 VO,
2730 4693 2855 4739 ultio
2892 4693 2947 4738 in
2984 4704 3040 4739 eo
3077 4691 3122 4738 A
3388 4692 3524 4739 omni
3561 4696 3711 4752 gente
3748 4705 3838 4739 sua
3876 4692 3925 4738 Χ
3935 4691 3983 4752 Υ,
4026 4694 4163 4740 omni
4201 4704 4381 4752 genere

1120 4789 1210 4825 suo
1247 4777 1292 4824 A
1525 4775 1586 4826 18
1622 4778 1941 4825 incumbebat
1977 4777 2023 4823 A
2232 4776 2518 4825 belisarium
2556 4778 2602 4824 A
2837 4775 2899 4825 19
2936 4772 3272 4843 exconsolem]
3307 4776 3469 4837 HPV,
3509 4778 3830 4826 exconsulem
3867 4777 3926 4837 L,
3969 4791 4036 4826 ex
4071 4780 4275 4827 consule
4312 4779 4373 4840 A,

1119 4868 1171 4910 et
1206 4863 1462 4910 consulem
1507 4862 1600 4910 ΟΧ
1609 4862 1651 4910 Υ
1851 4864 2070 4925 patrium
2108 4863 2153 4909 A
2361 4876 2591 4923 magnam
2629 4863 2673 4910 A
2900 4865 2952 4911 in
2989 4864 3175 4911 circum
3212 4863 3273 4924 L,
3314 4865 3487 4912 iccirco
3525 4865 3574 4911 Χ
3799 4865 3972 4926 populi
4010 4866 4074 4926 A,
4115 4879 4213 4913 om.
4245 4865 4382 4913 ΧΥΖ

1118 4945 1184 4996 20
1221 4944 1587 5014 spectaculum]
1623 4953 1943 5011 expectatum
1988 4947 2030 4996 Ο
2269 4962 2476 5010 seraque
2512 4963 2633 4998 suae
2669 4949 3016 5011 paenitudinis
3062 4949 3408 5012 (plenitudinis
3453 4945 3540 5016 O)]
3580 4963 3839 5010 seramque
3874 4952 4227 5012 penitudinem
4264 4953 4311 4999 A

1118 5033 1319 5082 fastidio
1354 5033 1397 5081 L
1606 5033 1668 5084 21
1709 5035 1940 5083 familiari
1977 5033 2073 5083 LO
2279 5032 2345 5083 22
2383 5036 2516 5084 orbis
2555 5033 2747 5082 LAOX
2757 5035 2799 5083 Y
2999 5036 3126 5083 ferre
3164 5035 3207 5083 L
3416 5049 3549 5084 anno
3585 5049 3683 5084 om.
3715 5038 3760 5084 A
3970 5034 4034 5085 23
4073 5052 4101 5085 a
4137 5052 4233 5087 oni.
4269 5037 4311 5084 O

1118 5116 1310 5187 erepta]
1345 5127 1570 5183 ereptate
1605 5121 1661 5167 H
1861 5121 2143 5169 libertatem
2181 5119 2325 5168 on
2337 5121 2379 5168 Y
2580 5117 2681 5187 est]
2717 5126 2796 5170 est
2829 5123 2885 5169 in
2926 5120 2968 5169 Ο
3176 5134 3490 5170 romanorum
3515 5123 3560 5169 A
3769 5136 3920 5184 quam
3945 5127 3989 5170 A
4202 5122 4267 5173 24
4304 5125 4379 5184 ig-

1117 5201 1288 5271 nauis]
1328 5208 1388 5254 ab
1424 5209 1480 5255 in
1516 5207 1707 5267 ignaris
1747 5207 1790 5255 O
2022 5206 2242 5254 dominis
2286 5206 2535 5268 (dominus
2570 5207 2626 5267 L)
2670 5207 2985 5269 ducibusque
3021 5203 3198 5273 infld.]
3233 5207 3443 5255 dominis
3481 5208 3695 5257 ducibus
3732 5209 3819 5257 nd.
3867 5207 3926 5271 Ο,
3967 5209 4181 5258 ducibus
4219 5209 4379 5257 domi-

1117 5292 1299 5353 nisque
1333 5293 1474 5341 infld.
1520 5293 1659 5339 ΧΥΖ
1865 5307 1893 5339 a
1929 5306 2028 5341 om.
2058 5293 2106 5339 X
2116 5291 2199 5339 ΥΖ
2408 5289 2612 5359 corpus]
2646 5306 2844 5355 corpore
2883 5295 2981 5341 AX
2990 5294 3032 5342 Y

1294 5581 1341 5645 l)
1383 5582 1454 5643 cs.
1498 5582 1818 5630 Marcellinus
1854 5582 1919 5631 ad
1956 5598 2004 5633 a.
2048 5585 2181 5632 634:
2228 5585 2485 5645 provincia
2520 5586 2717 5647 Africa,
2774 5600 2900 5648 quae
2950 5587 3003 5633 in
3053 5585 3299 5634 divisione
3337 5588 3470 5635 orbis
3512 5592 3755 5635 terrarum
3792 5603 3819 5635 a
3854 5589 4110 5650 plerisque
4148 5591 4204 5637 in
4239 5596 4378 5652 parte

1119 5671 1265 5718 tertia
1309 5671 1474 5732 posita
1519 5673 1623 5728 est,
1676 5669 1874 5717 volente
1923 5669 2018 5718 deo
2063 5669 2313 5718 vindicata
2361 5679 2457 5720 est.
2544 5670 2807 5720 videantur
2845 5672 3049 5722 Orosius
3085 5676 3132 5734 1,
3179 5672 3226 5734 9,
3267 5674 3363 5735 83,
3422 5676 3537 5721 item
3574 5673 3690 5723 Cod.
3736 5675 3859 5722 lust.
3906 5677 3964 5734 1,
4008 5676 4104 5736 27,
4150 5679 4175 5723 1
4212 5691 4292 5737 pr.
4331 5681 4379 5723 et

1123 5753 1462 5804 Cassiodorius
1495 5769 1602 5802 var.
1646 5758 1729 5816 11,
1774 5757 1855 5815 13,
1897 5754 2102 5818 denique
2133 5757 2382 5818 praefatio
2417 5762 2603 5806 nostra.

4415 1599 4471 1638 10

4418 2114 4475 2153 15

4415 2627 4473 2668 20
