4882 6775
852 2005 1082 2046 Palatinus

700 4304 1096 4346 Valent-ionneusis

1099 392 1376 458 XLVIII
2498 389 2956 446 PROOEMIVM.

1474 619 1579 699 20,
1632 617 1714 679 29
1761 614 1948 680 asina
1999 618 2142 678 PVL
2188 616 2404 677 Florus
2543 658 2546 663 ,
3112 615 3341 698 sagina
3391 619 3444 676 H

1476 722 1580 802 22,
1636 722 1715 782 36
1760 718 2023 784 nauium
2078 722 2179 781 PV
3112 717 3441 800 nauigium
3489 724 3546 781 ΙΙ

1478 825 1579 903 23,
1636 825 1717 887 39
1763 821 1876 887 8οᾶ
1921 821 2362 904 magnitudine
2410 826 2512 884 PV
2551 825 2768 885 Florus
3114 820 3199 885 ad
3245 821 3750 904 magnitudinem
3819 825 3872 882 H

1476 929 1580 1007 69,
1638 930 1708 989 11
1760 932 1982 1010 partus
2034 924 2446 987 PVLAOBXY
3119 924 3408 1008 partibus
3453 928 3514 986 H

1476 1032 1578 1109 78,
1638 1031 1714 1092 13
1758 1026 1971 1092 ababa
2020 1026 2214 1091 PVLA
2226 1031 2435 1089 ΟΒΧΥ
2486 1032 2614 1091 Vita
3116 1027 3314 1092 abara
3360 1032 3420 1089 H

1635 1133 1710 1195 18
1759 1131 2040 1215 expertis
2091 1132 2410 1211 PVLAXY,
2466 1131 2784 1196 exercitus
2835 1135 2938 1194 OB
3114 1131 3312 1214 pertis
3356 1135 3413 1193 H

1475 1236 1579 1317 81,
1638 1237 1713 1297 12
1761 1254 2091 1317 carporum
2145 1239 2417 1317 PVLOB,
2471 1254 2772 1319 caporum
2821 1239 2926 1296 ΧΥ
3114 1253 3445 1318 corporum
3492 1234 3596 1298 ΙΙΛ

1437 1341 1580 1421 109,
1634 1340 1714 1400 22
1761 1337 2029 1403 sacitate
2082 1342 2196 1419 PV,
2250 1338 2604 1422 sagacitate
2651 1342 2771 1416 LO,
3115 1337 3419 1403 sacietate
3468 1342 3542 1416 ΙΙ,
3597 1338 3902 1403 societate
3950 1338 3994 1401 Λ

1771 1440 2194 1523 sagacitatem
2240 1446 2403 1504 BXY

1437 1548 1579 1627 112,
1676 1549 1713 1608 6
1760 1544 1996 1611 desiuit
2023 1545 2347 1627 PVABXY,
2382 1544 2634 1611 deseuit
2656 1542 2722 1625 L,
2765 1545 3085 1610 desinetO
3117 1544 3354 1610 deuisit
3399 1550 3459 1607 H

1437 1651 1581 1731 119,
1641 1651 1717 1711 19
1764 1650 1987 1714 urbem
2039 1654 2201 1729 PVL,
2258 1650 2413 1715 urbe
2460 1648 2734 1712 AOBXY
3113 1670 3227 1713 om.
3282 1653 3342 1710 H

1441 1755 1581 1831 127,
1680 1756 1715 1814 7
1767 1752 2092 1817 emimonti
2143 1758 2204 1833 P,
2260 1752 2387 1818 emi
2431 1752 2665 1818 montis
2721 1756 2831 1831 VX,
3118 1751 3178 1817 ei
3224 1751 3420 1817 monti
3464 1755 3525 1813 H

1764 1855 1935 1920 hemi
1968 1856 2199 1922 montis
2232 1857 2396 1935 AYZ,
2441 1857 2611 1921 enim
2643 1854 2877 1922 montis
2913 1860 3017 1919 OB

1283 1993 1673 2058 VAmoAst
1718 1992 2106 2057 PALA‘rmvs
2153 1996 2277 2059 920
2336 1993 2537 2076 (nobis
2586 1994 2680 2077 P),
2733 1993 3260 2058 membranaceus
3303 1991 3418 2056 fol.
3470 1991 3621 2056 min.
3674 2010 3844 2059 saec.
3896 1991 3995 2075 X.
4050 1994 4200 2059 olim
4247 1995 4356 2061 ubi

1102 2114 1311 2193 fuerit,
1364 2114 1503 2199 ipse
1562 2112 1801 2179 indicat
1860 2113 1908 2177 f.
1965 2117 1989 2175 1
2058 2113 2272 2179 verbis
2332 2111 2465 2178 his:
2542 2113 2779 2179 ‘codex
2839 2102 2928 2178 sci
2987 2112 3249 2177 Nazarii
3309 2112 3390 2177 de
3446 2113 3829 2179 monasterio
3888 2113 4060 2195 quod
4125 2114 4356 2180 dicitur

1107 2234 1600 2315 ‘Lauresham’3
1653 2234 1759 2299 hic
1800 2233 1995 2317 igitur
2040 2233 2202 2299 liber
2247 2240 2347 2298 est
2389 2254 2577 2315 quem
2624 2234 2958 2317 catalogus
3003 2233 3247 2299 saeculi
3277 2233 3341 2297 X
3385 2233 3812 2300 bibliothecae
3844 2234 4358 2302 Laureshamen-

1102 2355 1191 2420 sis
1238 2354 1447 2421 editus
1494 2376 1535 2420 a
1580 2354 2007 2420 Wilmannsio
2063 2353 2245 2436 (mus.
2299 2354 2505 2419 Rhen.
2558 2356 2663 2436 23,
2719 2356 2862 2436 387)
2928 2352 3172 2421 indicat
3228 2354 3444 2420 verbis
3501 2354 3639 2419 his:
3717 2354 4011 2420 ‘historia
4068 2357 4356 2424 Iordanis

1109 2474 1224 2541 ‘de
1287 2495 1537 2540 summa
1591 2481 1945 2560 temporum
2021 2493 2135 2540 seu
2205 2474 2451 2558 origine
2509 2476 2936 2539 Romanorum
3004 2474 3116 2539 lib.
3183 2475 3267 2539 I'.
3343 2481 3413 2540 ut
3471 2474 3584 2540 alii
3643 2475 4230 2542 Laureshamenses
4289 2478 4356 2542 in

1103 2595 1466 2661 Palatinam
1512 2595 1964 2661 bibliothecam
2008 2594 2203 2675 venit,
2260 2594 2371 2659 ubi
2417 2615 2562 2660 eum
2608 2594 2905 2660 adhibuit
2936 2594 3266 2676 Gruterus,
3322 2603 3386 2660 et
3420 2615 3561 2659 cum
3591 2594 3714 2660 hac
3742 2595 3808 2659 in
3840 2597 4240 2662 vaticanam.
4274 2636 4360 2644 ——

1104 2716 1603 2795 Quaternionum
1637 2721 1738 2780 est
1773 2714 2077 2781 tredecim
2124 2715 2516 2799 signatorum
2561 2715 2767 2779 A-N
2806 2723 2869 2781 et
2911 2715 3208 2796 binionis,
3264 2715 3562 2781 foliorum
3614 2720 3729 2780 107
3790 2717 4088 2800 (numeris
4134 2739 4358 2785 recens

1102 2837 1426 2922 inscriptis
1472 2836 1794 2902 mendosis
1840 2834 2074 2901 omisso
2119 2835 2272 2900 folio
2316 2835 2482 2901 inter
2513 2838 2594 2899 34
2627 2842 2691 2902 et
2720 2839 2823 2916 35,
2877 2835 3327 2921 praetermisso
3357 2842 3572 2901 autem
3605 2854 3720 2900 suo
3752 2837 3893 2902 loco
3921 2858 4183 2904 numero
4216 2842 4349 2923 77).

1105 2963 1371 3040 uterque
1423 2956 1912 3023 commentarius
1954 2956 2207 3039 integer
2251 2962 2379 3031 est;
2432 2955 2620 3022 adest
2662 2957 2730 3022 in
2773 2957 3084 3042 principio
3137 2977 3391 3023 carmen
3437 2956 3718 3021 Honorii.
3816 2958 4195 3024 emendatus
4255 2968 4357 3027 est

1105 3078 1268 3143 liber
1313 3077 1607 3143 similiter
1650 3083 1841 3160 atque
1895 3076 2465 3159 Heidelbergensis
2509 3098 2551 3142 a
2594 3098 2786 3142 manu
2846 3098 2970 3143 non
3030 3079 3298 3143 multum
3357 3077 3728 3162 posteriore.
3794 3116 3880 3124 —
3938 3077 4358 3146 Contulerunt

1104 3199 1262 3264 mihi
1293 3200 1580 3264 Romana
1608 3200 1936 3282 Augustus
1965 3197 2150 3279 Mau,
2204 3195 2433 3263 Getica
2463 3196 2609 3263 Otto
2639 3198 3039 3277 Hirschfeld3
3094 3197 3325 3264 deinde
3369 3218 3450 3264 ne
3495 3198 3650 3280 quid
3695 3198 3925 3264 erroris
3970 3209 4351 3285 remaneret,

1103 3321 1215 3385 ille
1274 3320 1359 3385 ad
1418 3320 1608 3385 huius
1667 3318 1966 3385 editionis
2023 3318 2322 3403 plagulas
2384 3318 2509 3384 sibi
2565 3320 2978 3385 transmissas
3036 3325 3236 3384 totum
3294 3318 3522 3384 librum
3585 3319 3794 3384 denuo
3861 3320 4357 3406 diligentissime

1105 3442 1359 3525 relegit.
1411 3480 1498 3490 —
1543 3442 1807 3507 Summa
1848 3438 1974 3505 fide
2005 3439 2336 3504 Palatinus
2381 3441 2801 3527 archetypum
2847 3448 3286 3526 repraesentat
3330 3461 3450 3506 nec
3492 3440 3616 3505 nisi
3661 3441 4135 3527 orthographia,
4188 3464 4355 3526 quae

1105 3563 1349 3647 passim
1381 3569 1679 3647 corrupta
1709 3568 1808 3627 est
1860 3563 1938 3642 (v.
1988 3558 2123 3624 ind.
2162 3560 2305 3644 III),
2362 3561 2568 3626 locum
2616 3563 2785 3628 cedit
2815 3561 3368 3645 Heidelbergensi.
3444 3560 3619 3627 solus
3662 3581 3882 3627 verum
3930 3569 3994 3627 et
4035 3563 4180 3647 ipse
4212 3584 4354 3627 raro

1107 3683 1389 3748 servavit
1444 3690 1703 3769 propter
1746 3702 2003 3748 causam
2049 3702 2193 3747 eam
2239 3680 2319 3748 de
2365 3703 2492 3766 qua
2539 3684 2846 3748 diximus:

1363 3825 1427 3889 p.
1482 3807 1584 3886 23,
1640 3806 1723 3868 29
1769 3803 1975 3869 treuia
2023 3808 2083 3884 P,
2137 3809 2346 3868 trenta
2395 3808 2510 3867 HV

1110 3945 1352 3991 errores
1398 3923 1640 4009 proprii
1684 3944 1810 3989 non
1855 3923 2108 4005 desunt,
2162 3931 2311 3989 sunt
2355 3931 2570 3990 tamen
2614 3924 2833 4008 pauci:

1366 4067 1430 4130 p.
1486 4049 1591 4127 35,
1645 4047 1727 4108 26
1774 4065 1855 4110 ex
1900 4046 2044 4107 libri
2085 4047 2324 4128 reliqui,
2380 4049 2449 4109 et
2493 4049 2542 4107 P

1109 4188 1190 4232 ex
1236 4165 1477 4232 Geticis
1522 4166 1741 4250 plures
1788 4165 2084 4230 dabimus
2130 4185 2271 4230 cum
2316 4172 2544 4248 agetur
2589 4163 2669 4229 de
2715 4163 2877 4229 libro
2921 4165 3339 4230 Ambrosiano
3398 4170 3478 4248 (p.
3532 4166 3635 4249 L).

1282 4288 1928 4352 VALENCOENNENSIS
1983 4285 2186 4370 (nobis
2229 4287 2288 4370 V)
2343 4286 2495 4351 olim
2541 4286 2607 4351 S.
2646 4284 2924 4350 Amandi
2969 4286 3040 4349 P.
3081 4288 3140 4349 3.
3180 4288 3218 4348 6
3265 4284 3401 4350 sive
3448 4307 3511 4349 n.
3563 4287 3644 4348 88
3692 4286 3969 4370 catalogi
4014 4288 4359 4371 Mangear-

1001 4401 1009 4412 ’
1111 4408 1267 4474 tiani
1320 4409 1524 4492 (Pertz
1567 4377 1795 4471 Archiv
1845 4411 1913 4470 11
1951 4428 2015 4492 p.
2055 4409 2229 4490 522),
2280 4406 2806 4472 membranaceus
2850 4425 3020 4470 saec.
3058 4407 3153 4470 IX
3198 4405 3428 4486 medii,
3499 4405 3740 4472 formae
3799 4407 4151 4488 quadratae
4196 4430 4359 4492 qua-

1111 4529 1432 4596 terniones
1477 4529 1675 4594 habet
1702 4547 1897 4608 xvm,
1949 4548 2216 4611 quorum
2262 4546 2408 4592 xvn
2455 4526 2690 4611 signati
2730 4532 2897 4609 sunt,
2948 4526 3216 4592 extremi
3247 4526 3471 4591 folium
3503 4528 3793 4593 ultimum
3828 4527 4060 4594 deficit.
4139 4529 4362 4595 insunt

1110 4650 1330 4716 Iunilii
1360 4650 1441 4715 de
1471 4649 1869 4716 institutione
1914 4648 2173 4714 divinae
2232 4648 2582 4733 scripturae
2639 4648 2786 4712 libri
2843 4647 3002 4728 du03
3083 4648 3381 4713 Eucherii
3439 4667 3662 4713 sacrae
3708 4649 4058 4733 scripturae
4103 4649 4253 4716 inst.
4308 4652 4351 4715 l.

1110 4772 1269 4851 du03
1324 4770 1611 4837 eiusdem
1657 4770 1737 4836 de
1781 4769 2259 4854 quaestionibus
2304 4768 2805 4850 difficilioribus3
2858 4768 3149 4834 Iordanis
3193 4768 3398 4834 libelli
3429 4768 3553 4833 duo
3585 4789 3725 4834 cum
3760 4768 4038 4834 carmine
4068 4771 4352 4836 Honorii.

1110 4893 1347 4978 optime
1405 4893 1678 4977 scriptus
1737 4899 1867 4973 est,
1937 4890 2314 4957 emendatus
2374 4889 2608 4955 deinde
2667 4911 2861 4955 manu
2922 4909 3090 4955 saec.
3142 4890 3238 4953 XI
3297 4889 3382 4955 ad
3427 4889 3710 4955 codicem
3755 4895 3942 4955 notae
3996 4889 4351 4972 deterioris,

1112 5013 1229 5079 sed
1273 5021 1345 5079 ut
1387 5013 1612 5099 paucis
1657 5013 1813 5078 locis
1859 5012 2144 5098 exceptis
2187 5011 2458 5097 pristina
2502 5011 2817 5095 scriptura
2873 5017 3277 5093 agnoscatur.
3372 5009 3561 5076 nobis
3618 5010 3884 5076 contulit
3943 5030 4132 5092 quem
4191 5012 4358 5077 tristi

1113 5134 1246 5199 fato
1289 5155 1492 5219 nuper
1536 5141 1824 5219 ereptum
1869 5134 2053 5200 nobis
2098 5134 2406 5213 dolemus,
2462 5132 2780 5198 Iohannes
2822 5132 3064 5196 Heller.
3116 5170 3201 5178 —
3234 5131 3452 5196 Codex
3499 5150 3640 5195 cum
3686 5131 3750 5195 in
3798 5130 4167 5196 universum
4212 5154 4359 5217 pro-

1113 5256 1284 5321 xime
1337 5254 1605 5321 accedat
1646 5255 1730 5320 ad
1775 5259 1902 5335 ΗΡ,
1953 5253 2149 5319 habet
2191 5275 2318 5319 non
2365 5253 2572 5318 solum
2617 5272 2860 5318 errores
2906 5250 3215 5334 quosdam
3263 5251 3386 5317 sibi
3432 5251 3751 5336 proprios:

1369 5399 1433 5462 p.
1493 5378 1589 5458 18,
1646 5377 1727 5439 28
1773 5375 2010 5459 pariter
2054 5378 2295 5458 reliqui,
2350 5373 2609 5459 picriter
2665 5378 2712 5436 V

1490 5483 1595 5561 23,
1653 5483 1729 5543 19
1775 5498 1926 5543 nam
1972 5481 2213 5562 reliqui,
2266 5498 2302 5543 e
2347 5498 2541 5543 manu
2588 5498 2736 5542 nam
2795 5482 2841 5540 1⁷

1489 5587 1592 5663 63,
1689 5587 1727 5646 6
1775 5581 2076 5647 uidiuarii
2121 5581 2495 5664 HPLAXYZ,
2548 5581 2847 5646 uidioarii
2896 5585 3016 5662 OB,
3072 5578 3357 5644 uiriuarii
3415 5584 3462 5642 V

1454 5691 1594 5768 130,
1655 5690 1728 5749 15
1777 5685 1970 5751 fuerit
2011 5705 2127 5751 nec
2173 5686 2539 5751 cumbarum
2583 5684 2872 5768 indigeat
2917 5684 3139 5748 lintres
3187 5686 3424 5766 reliqui,
3480 5682 3680 5746 futres
3728 5686 3942 5746 mediis
3988 5688 4227 5748 omissis
4282 5690 4332 5748 V
