4882 6775
572 679 897 727 recessum
958 681 1142 728 suum
1203 662 1643 745 venditantes,
1723 714 3822 733 ..............................

578 815 1093 835 ........
1144 773 1214 832 ιιι
1256 765 1472 831 omnia
1514 765 1957 831 incendiorum
2003 766 2280 851 vestigia
2324 767 2562 833 Gallici
2605 765 2941 852 sanguinis
2984 768 3401 835 inundatione
3446 769 3713 836 deleret.

123 888 495 937 aroannam
508 889 555 929 so
746 832 952 955 Igitur
990 876 1316 955 pastorum
1362 868 1685 951 quondam
1731 888 1887 935 casa
1930 870 2081 935 urbs
2127 870 2381 935 enituit:
2444 879 2589 955 post
2632 879 2947 938 assertam
2992 893 3033 937 a
3077 872 3317 937 Manlio
3363 871 3593 939 faciem
3639 873 3827 939 resti·
3874 875 3990 936 138

570 982 903 1057 tutamque
961 994 1002 1038 a
1045 972 1319 1038 Camillo
1375 972 1588 1037 acrius
1647 972 1838 1038 etiam
1895 973 2467 1057 vehementiusque
2520 975 2588 1039 in
2646 975 2946 1041 finitimos
2990 975 3357 1040 resurrexit.
3452 995 3572 1041 nec
3612 983 3827 1042 tamen
3874 978 3993 1040 139

576 1076 854 1143 contenti
899 1075 1170 1141 Romani
1226 1075 1362 1140 suis
1422 1094 1532 1141 eos
1592 1065 1926 1143 moenibus
1987 1078 2348 1161 expulisse,
2415 1098 2557 1143 cum
2618 1098 2734 1163 per
2777 1079 3032 1144 Italiam
3083 1077 3428 1162 naufragia
3471 1098 3591 1144 sua
3634 1080 3830 1145 latius
3872 1099 3897 1138 5

576 1181 933 1262 traherent,
999 1179 1094 1244 sic
1136 1178 1459 1263 persecuti
1504 1186 1681 1260 sunt,
1744 1180 2052 1246 ductante
2098 1180 2410 1263 Camillo,
2464 1188 2535 1247 ut
2576 1181 2765 1247 odiae
2810 1183 2992 1246 nulla
3035 1181 3356 1246 Senonum
3402 1182 3678 1265 vestigia
3722 1201 3832 1248 su-

432 1314 472 1342 c.
500 1301 553 1343 ιο
577 1283 844 1370 persint.
938 1283 1139 1348 semel
1208 1280 1386 1367 apud
1445 1281 1758 1347 Anienem
1825 1282 2164 1363 trucidati,
2236 1303 2379 1348 cum
2451 1284 2761 1367 singulari
2829 1284 3177 1350 certamine
3232 1285 3515 1350 Manlius
3569 1306 3834 1351 aureum

574 1395 861 1471 torquem
907 1386 1183 1452 barbaro
1227 1385 1394 1450 inter
1438 1384 1646 1469 spolia
1691 1385 1989 1468 detraxit,
2043 1384 2214 1451 unde
2260 1393 2326 1451 et
2368 1388 2730 1469 Torquatus
2773 1394 2872 1453 est
2917 1387 3147 1452 dictus.
3225 1387 3455 1453 iterum
3500 1389 3836 1472 Pomptino
3879 1391 3997 1450 140

577 1510 770 1573 agro,
824 1508 966 1554 cum
1010 1488 1079 1553 in
1125 1487 1319 1552 simili
1364 1508 1585 1572 pugna
1628 1487 1925 1553 Valerius
1968 1489 2286 1555 insidente
2331 1491 2562 1573 galeae
2608 1509 2793 1556 sacra
2836 1491 2991 1556 alite
3037 1490 3297 1556 adiutus
3341 1490 3586 1556 rettulit
3628 1491 3836 1576 spolia

577 1593 912 1675 dictusque
981 1599 1081 1657 est
1146 1592 1284 1677 ipse
1344 1591 1682 1657 Corvinus.
1776 1611 1894 1657 nec
1960 1612 2087 1657 non
2153 1599 2369 1658 tamen
2435 1599 2581 1677 post
2646 1592 2908 1676 aliquod
2972 1613 3175 1658 annos
3242 1612 3463 1658 omnes
3528 1593 3836 1678 reliquias
3879 1615 3935 1655 ιο

579 1716 796 1762 eorum
853 1696 923 1760 in
979 1695 1236 1760 Etruria
1290 1695 1376 1760 ad
1430 1695 1641 1760 lacum
1698 1694 1868 1760 Vadi
1921 1696 2155 1760 montis
2213 1696 2557 1761 Dolabella
2614 1696 2887 1777 delevit,
2958 1716 3039 1762 ne
3102 1695 3246 1780 quis
3313 1703 3563 1762 extaret
3616 1717 3696 1762 ex
3758 1718 3839 1763 ea

367 1823 402 1865 ι.
439 1822 499 1868 ιι.
532 1822 548 1860 ι
580 1806 772 1884 gente
817 1818 982 1883 quae
1028 1798 1356 1864 incensam
1403 1817 1445 1862 a
1490 1817 1560 1863 se
1605 1799 1960 1863 Romanam
2015 1799 2236 1864 urbem
2282 1800 2684 1882 gloriaretur.
2781 1818 3211 1881 conversoque
3257 1819 3298 1864 a
3343 1799 3555 1864 Gallis
3597 1800 3838 1865 Manlio
3879 1802 3991 1864 141

371 1926 405 1971 ι
441 1905 906 1985 15.1T01'qllat0
938 1900 1149 1966 Latini
1194 1901 1445 1986 experti
1489 1906 1638 1966 sunt
1682 1908 1748 1967 et
1790 1899 2048 1967 devicti.
2141 1902 2419 1986 indeque
2451 1902 2697 1985 Savini,
2747 1903 2857 1987 qui
2889 1923 3105 1968 eorum
3137 1901 3294 1967 belli
3338 1902 3495 1968 socii
3539 1902 3840 1970 ductante
3880 1906 4002 2006 142

461 2038 499 2067 0
529 2027 555 2068 2
580 2007 768 2071 Tatio
813 2005 1192 2086 extitissent,
1246 2025 1288 2069 a
1331 2004 1521 2070 Curio
1565 2004 1843 2071 Dentato
1889 2006 2149 2071 consule
2197 2004 2504 2088 subiecti,
2566 2026 2910 2090 eorumque
2955 2006 3099 2071 loca
3142 2026 3182 2070 a
3225 2004 3504 2070 Varanio
3549 2003 3725 2071 fonte
3769 2005 3839 2071 in

463 2142 501 2170 c.
533 2132 557 2172 a
584 2109 868 2174 Adriano
926 2115 1114 2173 tenus
1171 2107 1332 2171 mari
1383 2107 1522 2190 igni
1569 2106 1860 2191 ferroque
1903 2114 2191 2191 vastata,
2255 2115 2630 2193 tantumque
2675 2111 2959 2181 Romano
3003 2110 3243 2194 populo
3287 2108 3472 2174 addit
3514 2128 3705 2194 opes,
3771 2115 3843 2175 ut
3885 2131 3941 2171 ιε

582 2233 701 2279 ιι(3(3
743 2212 885 2298 ipse
929 2218 1149 2297 posset
1192 2210 1537 2276 aestimare
1582 2211 1693 2294 qui
1737 2210 2001 2276 vicerat.

368 2343 405 2385 ι,
442 2341 551 2388 ιω
754 2315 1103 2381 Praecibus
1161 2313 1395 2379 deinde
1442 2313 1837 2400 Campaniae
1896 2322 2107 2380 motus
2166 2335 2295 2379 non
2355 2335 2471 2400 pro
2524 2336 2594 2381 se
2639 2316 2756 2381 sed
2799 2336 2914 2400 pro
2961 2315 3152 2381 sociis
3195 2314 3520 2380 Samnitas
3563 2313 3833 2380 invadit.
3884 2320 4003 2381 143

466 2456 506 2484 ο.
535 2448 559 2485 3
587 2419 864 2485 omnium
924 2437 1201 2502 namque
1260 2437 1386 2481 non
1442 2416 1629 2481 modo
1677 2416 1905 2482 Italiae
1961 2424 2242 2500 tantum,
2311 2418 2427 2483 sed
2474 2438 2639 2502 pene
2683 2424 2812 2485 toto
2860 2419 3010 2484 orbe
3055 2426 3364 2484 terrarum
3409 2417 3844 2503 pulcherrima

585 2521 982 2606 Campaniae
1030 2519 1229 2605 plaga
1272 2526 1390 2584 est.
1485 2517 1645 2584 nihil
1691 2519 1951 2584 mollius
1997 2521 2211 2585 caelo:
2267 2520 2545 2604 denique
2591 2521 2692 2585 bis
2735 2520 2997 2586 floribus
3042 2529 3292 2586 vernat.
3378 2520 3536 2586 nihil
3583 2519 3842 2586 uberius
3901 2504 3905 2513 ⁵

466 2664 505 2691 ο.
535 2652 556 2691 ι
587 2628 756 2705 solo:
808 2624 961 2690 ideo
1005 2623 1222 2689 Liberi
1268 2623 1647 2705 Cererisque
1693 2630 2015 2688 certamen
2061 2622 2316 2689 dicitur.
2411 2624 2571 2688 nihil
2619 2624 3005 2709 hospitalius
3048 2624 3244 2689 mari:
3304 2624 3410 2689 hic
3452 2624 3550 2688 illi
3595 2623 3842 2689 nobiles
3882 2646 3943 2687 20

585 2736 806 2814 portus
852 2727 1098 2810 Caieta,
1149 2727 1473 2809 Misenus,
1523 2733 1817 2811 tepentes
1860 2726 2143 2792 fontibus
2188 2728 2425 2809 Baiae,
2478 2727 2791 2792 Lucrinus
2837 2735 2904 2794 et
2944 2727 3239 2794 Avernus
3284 2727 3603 2812 quaedam
3649 2726 3845 2793 maris

467 2870 506 2899 ο.
536 2860 561 2899 5
589 2833 819 2899 hostia.
913 2831 1018 2896 hic
1076 2829 1269 2896 amici
1328 2830 1565 2895 vitibus
1623 2836 1870 2895 montes
1916 2830 2166 2896 Caurus
2213 2831 2528 2896 Falernus
2573 2831 2891 2897 Massicus
2946 2837 3011 2897 et
3065 2829 3534 2915 pulcherrimus
3585 2836 3848 2896 cuncto-

467 2976 507 3003 ο.
536 2964 562 3003 e
590 2957 727 3001 rum
772 2934 1094 3000 Vesubius
1137 2933 1411 2999 Aetnaei
1470 2933 1642 3017 ignis
1686 2933 1984 2999 imitator.
2079 2935 2276 3000 urbes
2322 2935 2408 3000 ad
2453 2954 2630 2999 mare
2674 2934 2970 3000 Formiae
3016 2934 3259 3000 Cumae
3304 2933 3556 3000 Puteoli
3599 2934 3847 2999 Hercu-

583 3039 841 3104 laneum
901 3036 1166 3122 Pompei
1224 3043 1290 3103 et
1344 3036 1489 3121 ipsa
1549 3043 1744 3121 caput
1802 3036 2054 3103 urbium
2100 3036 2359 3122 Capua,
2425 3038 2749 3121 quondam
2808 3035 2976 3104 inter
3030 3044 3162 3103 tres
3219 3037 3535 3102 maximas
3580 3038 3845 3101 Romam
3886 3060 3943 3101 24

465 3181 503 3208 e.
535 3170 557 3209 -ι
587 3141 1170 3224 Carthaginemque
1230 3146 1586 3205 numerata.
1679 3160 1794 3225 pro
1841 3137 1963 3205 hac
2007 3140 2199 3223 urbe,
2266 3140 2369 3204 his
2414 3140 2786 3223 regionibus
2831 3142 3108 3224 populus
3157 3141 3481 3205 Romanus
3525 3139 3850 3204 Samnitas
3891 3147 4010 3207 144

585 3245 868 3326 invadit,
936 3250 1192 3327 gentem
1215 3296 1229 3325 ,
1296 3242 1353 3308 si
1397 3242 1791 3327 opulentiam
1841 3263 2115 3325 quaeras
2138 3296 2152 3325 ,
2217 3243 2433 3308 aureis
2481 3249 2546 3308 et
2602 3243 2927 3327 argenteis
2979 3242 3175 3308 armis
3220 3247 3285 3307 et
3329 3242 3628 3307 discolori
3674 3248 3852 3307 veste

591 3368 793 3433 usque
838 3347 925 3414 ad
969 3346 1280 3412 ambitum
1324 3352 1670 3412 armatam:
1743 3347 1798 3413 si
1843 3346 2205 3430 fallaciam,
2268 3346 2541 3413 saltibus
2586 3347 2764 3413 ferae
2809 3353 2873 3413 et
2915 3346 3226 3412 montium
3272 3345 3499 3413 fraude
3545 3365 3853 3430 grassan-

591 3461 751 3519 tem:
818 3453 873 3518 si
917 3452 1161 3517 rabiem
1206 3470 1286 3516 ac
1328 3450 1638 3531 furorem,
1703 3451 1906 3516 sacris
1964 3451 2219 3534 legibus
2278 3451 2706 3534 humanisque
2767 3451 2991 3516 hostiis
3048 3450 3117 3515 in
3176 3448 3441 3515 exitium
3486 3450 3663 3515 urbis
3708 3448 3853 3532 agi-

470 3593 510 3622 0.
541 3584 565 3622 s
590 3563 820 3622 tatam:
878 3555 933 3619 si
977 3554 1416 3640 pertinaciam,
1470 3555 1685 3621 sexies
1731 3562 1914 3639 rupto
1960 3553 2221 3620 foedere
2267 3554 2687 3637 cladibusque
2730 3554 2892 3639 ipsis
2938 3553 3407 3619 animosiorem.
3475 3553 3591 3617 hos
3635 3559 3852 3620 tamen

590 3657 1057 3742 quinquaginta
1102 3658 1292 3723 annis
1335 3679 1451 3744 per
1492 3658 1732 3723 Fabios
1778 3678 1855 3723 ac
1899 3657 2192 3742 Papirios
2238 3664 2455 3742 patres
2500 3677 2850 3739 eorumque
2907 3657 3144 3722 liberos
3188 3654 3280 3720 ita
3325 3655 3581 3739 subegit
3625 3662 3690 3721 et
3734 3654 3850 3720 do-
3889 3682 3950 3722 ιο

591 3761 782 3844 muit,
848 3761 940 3826 ita
996 3761 1217 3827 ruinas
1270 3762 1449 3846 ipsas
1508 3761 1760 3828 urbium
1820 3761 2048 3843 diruit,
2115 3768 2186 3826 ut
2237 3760 2472 3826 hodiae
2517 3760 2846 3826 Samnium
2891 3760 2959 3825 in
3005 3759 3147 3845 ipso
3192 3759 3453 3825 Samnio
3497 3758 3854 3843 requiratur

469 3904 508 3933 ο.
539 3895 564 3933 9
593 3885 712 3931 nec
755 3865 949 3932 facile
994 3872 1306 3951 appareat
1347 3865 1618 3930 materia
1660 3871 1958 3948 quattuor
2000 3872 2065 3931 et
2109 3864 2341 3948 viginti
2385 3864 2872 3950 triumphorum.
2965 3862 3288 3929 maximae
3333 3868 3551 3929 tamen
3592 3870 3745 3930 nota
3789 3870 3855 3929 et
3892 3871 4012 3931 145

769 4172 820 4217 H
841 4172 888 4217 P
912 4172 951 4217 V
973 4172 1015 4219 L
1056 4172 1314 4234 berulfus
1341 4177 1386 4234 1,
1420 4180 1467 4233 4,
1507 4175 1564 4221 17
1609 4172 1655 4232 (4
1686 4185 1780 4220 nec
1801 4200 1870 4210 —
1898 4170 1959 4220 12
1986 4171 2319 4232 gloriaretur).
2385 4171 2573 4218 Paulus
2598 4171 2642 4220 h.
2674 4172 2735 4219 R.
2774 4175 2815 4234 1,
2844 4175 2878 4220 8
2922 4170 3004 4234 (18
3029 4172 3248 4219 omnium
3275 4198 3341 4206 -
3369 4169 3434 4219 29
3460 4168 3845 4230 animosiorem).

593 4262 641 4315 1,
685 4261 716 4306 9
759 4258 842 4319 (30
879 4259 949 4306 ita
983 4285 1054 4294 —
1088 4257 1152 4307 32
1192 4264 1484 4328 διῆκται).-
1507 4287 1578 4295 —
1617 4258 1746 4308 Mur.
1785 4273 1839 4319 p.
1872 4246 1997 4306 228⁶
2032 4275 2079 4307 υ.
2111 4257 2176 4307 28
2213 4259 2408 4306 hostiis.

768 4412 784 4460 1
833 4427 1083 4462 recessum
1121 4409 1294 4480 suum]
1330 4428 1615 4463 recessuum
1654 4413 1697 4460 L
1924 4414 2242 4461 uindicantes
2280 4411 2371 4475 V‘,
2415 4412 2729 4460 uinditantes
2768 4410 2844 4457 Ρ·ι
3063 4413 3254 4460 hiatum
3290 4426 3392 4459 non
3426 4413 3667 4460 adnotant
3702 4411 3847 4467 libr-55

595 4498 877 4547 exciderunt
911 4501 1048 4548 Flore·
1083 4500 1231 4547 haec.-
1272 4501 1422 4562 idque
1459 4501 1629 4562 ipsum
1668 4513 1757 4562 per
1793 4500 2130 4557 insolentiam,
2175 4514 2287 4547 cum
2326 4500 2387 4547 ad
2424 4500 2603 4560 iniqua
2637 4499 2853 4561 pondera
2890 4499 3057 4546 addito
3093 4499 3254 4546 adhuc
3290 4498 3452 4558 gladio
3488 4498 3694 4560 insuper
3732 4499 3852 4544 ‘vae

597 4585 764 4633 victis'
792 4587 1125 4646 increparent,
1166 4588 1336 4634 subito
1361 4587 1624 4646 adgressus
1649 4603 1677 4634 a
1701 4591 1836 4646 tergo
1862 4584 2105 4634 Camillus
2130 4586 2252 4634 adeo
2277 4586 2462 4633 cecidit
2669 4584 2698 4632 3
2738 4586 2877 4633 urbis
2903 4585 3012 4633 libet
3222 4585 3390 4632 mallio
3414 4584 3458 4631 L
3668 4582 3699 4631 5
3735 4597 3852 4630 con-

593 4673 771 4733 tempti
804 4672 842 4718 1„
1041 4661 1326 4738 moenibus]
1362 4674 1564 4721 sedibus
1590 4672 1632 4719 L
1830 4673 2006 4720 latrius
2031 4671 2176 4719 HPV
2380 4671 2411 4720 6
2448 4672 2556 4719 odie
2581 4672 2751 4734 enufllla
2775 4670 2820 4717 P
3026 4670 3052 4716 7
3093 4671 3330 4718 manilius
3355 4670 3399 4718 L
3607 4668 3638 4718 8
3675 4683 3852 4731 pomp-

595 4759 667 4805 tio
690 4756 763 4804 L‘
969 4756 1001 4806 9
1039 4759 1183 4806 aliter
1208 4758 1353 4805 IIPV
1559 4758 1613 4807 11
1657 4759 1773 4807 uadi
1808 4754 2014 4823 montis]
2052 4758 2198 4805 HPV
2222 4759 2321 4820 Ra,
2366 4758 2510 4805 uadis
2549 4759 2731 4805 montis
2757 4757 2829 4806 L.-
2870 4757 3167 4806 Vadimonis
3194 4757 3327 4805 Flor.
3544 4754 3605 4804 12
3644 4751 3853 4821 manlio]

596 4842 696 4905 PV,
742 4844 905 4890 mallio
933 4843 997 4903 H,
1040 4846 1246 4892 manilio
1272 4845 1314 4892 L
1526 4844 1586 4893 13
1623 4846 1768 4892 bellis
1793 4843 1908 4892 libri
2119 4843 2182 4892 14
2218 4860 2246 4891 a
2272 4846 2475 4892 uaranio
2500 4845 2639 4891 sonte
2670 4843 2826 4901 (sente
2852 4842 2909 4904 P)
2939 4828 3025 4907 in]
3053 4856 3151 4903 qua
3176 4843 3275 4889 Nar
3300 4842 3428 4889 Anio
3453 4843 3615 4890 fontes
3647 4842 3854 4900 (sontes-

595 4943 690 4989 que
721 4929 862 4990 Nuz.)
895 4930 1066 4977 Velini
1105 4930 1279 4979 noma
1508 4930 1569 4979 15
1606 4937 1847 4992 tantoque
1885 4931 1926 4977 Ι,
2157 4930 2220 4979 16
2256 4930 2416 4992 possit
2453 4929 2601 4978 HPV
2824 4928 2884 4976 17
2923 4942 3191 4990 campanae
3229 4928 3274 4975 P
3499 4926 3560 4977 18
3597 4929 3764 4975 orbem
3817 4928 3857 4973 V

604 5014 662 5062 19
696 5029 855 5077 camp.
898 5017 1047 5077 plaga
1082 5021 1159 5064 est
1196 5017 1362 5079 pulch.
1405 5015 1476 5064 L‘
1686 5015 1743 5064 21
1790 5012 1970 5082 caieta]
2011 5014 2216 5077 Paulus,
2259 5017 2421 5075 gaieta
2449 5014 2608 5078 HPV,
2650 5017 2817 5075 gaieza
2844 5013 2885 5061 L
3095 5010 3343 5079 misenus]
3382 5014 3584 5076 Pardus,
3627 5027 3857 5062 mesenes

595 5101 707 5148 libri
940 5099 1195 5169 tepentes]
1230 5102 1274 5149 L
1311 5108 1355 5151 et
1392 5103 1586 5150 Paulus
1623 5118 1736 5150 eum
1775 5103 1936 5162 Floro,
1978 5107 2186 5165 tepente
2222 5102 2330 5161 ΗΡ,
2375 5106 2582 5165 tepente
2629 5102 2669 5147 V
2909 5098 2973 5148 22
3019 5097 3243 5166 (h)ostia]
3280 5100 3394 5148 1ὶόνὲ
3428 5099 3563 5149 loni.
3603 5105 3648 5148 et
3687 5100 3854 5149 Pauli.

595 5188 698 5236 otia
735 5187 909 5236 Florus
1117 5186 1286 5256 amici]
1322 5191 1495 5238 amicti
1534 5191 1709 5238 Ftoms
1741 5189 1904 5250 (Nax.)
2119 5184 2326 5253 caurus]
2362 5188 2476 5235 libri
2513 5186 2647 5237 Iov-d.
2686 5192 2733 5235 et
2774 5185 2936 5248 Pauli,
2979 5187 3176 5235 Gaurus
3214 5187 3387 5234 nonu
3597 5186 3661 5236 23
3698 5200 3859 5234 nesu-

596 5269 733 5339 blns]
770 5273 930 5334 HPV,
970 5276 1211 5323 besubius
1238 5274 1298 5338 L,
1342 5277 1590 5324 uesuuius
1617 5275 1812 5324 Paulus
2019 5275 2193 5323 ethnei
2218 5274 2263 5321 P
2288 5289 2403 5322 cum
2433 5274 2593 5335 Ποτο,
2632 5273 2816 5321 ethnae
2853 5273 2919 5336 H,
2961 5273 3111 5322 ethne
3144 5273 3203 5332 L,
3243 5279 3362 5322 etne
3400 5273 3441 5320 V
3644 5267 3859 5338 puteoli]

597 5359 711 5407 Put.
753 5359 986 5422 Neapolis
1025 5361 1200 5408 Florus
1408 5361 1754 5409 herculanium
1795 5362 1837 5409 L
2070 5358 2135 5409 24
2170 5361 2401 5423 pompeia
2437 5360 2630 5408 Paulus
2855 5357 2921 5407 25
2959 5359 3398 5420 chartaginemque
3437 5346 3624 5417 HPV⁶‚
3664 5365 3855 5418 cartag-

605 5445 717 5494 V'L
960 5443 1238 5513 numerata]
1278 5447 1470 5508 Hor-ua,
1515 5449 1769 5495 nominata
1808 5447 2019 5498 Paulus.
2061 5447 2366 5495 numeranda
2402 5445 2562 5503 HPV,
2606 5446 2969 5494 numerandam
3006 5445 3049 5492 L
3314 5442 3377 5492 27
3416 5439 3674 5509 armatam]
3708 5446 3778 5491 sic
3812 5447 3858 5491 et

600 5532 827 5579 Iordanis
864 5532 979 5581 libri
1015 5532 1128 5581 boni
1162 5539 1207 5582 et
1245 5535 1382 5582 Flora·
1408 5533 1578 5582 Bamb.
1632 5535 1823 5596 (omittit
1850 5535 2199 5594 Nazan‘anua),
2243 5538 2470 5581 ornatum
2514 5532 2749 5591 (ornatam
2788 5532 2925 5593 dett.)
2972 5530 3177 5590 Paulus,
3221 5529 3334 5578 inde
3368 5536 3588 5577 ornatam
3628 5528 3858 5576 Iordanis

596 5618 718 5666 liber
741 5616 1113 5678 Bamberyemu
1154 5620 1219 5680 (v.
1252 5619 1381 5668 Jahn
1405 5620 1472 5666 ad
1502 5620 1700 5667 Florum
1719 5635 1774 5680 p.
1815 5620 1962 5680 VIII)
2144 5624 2448 5666 crassantem
2486 5617 2601 5666 libra·
2638 5617 2871 5666 Iordanis
2905 5622 2950 5663 et
2977 5616 3124 5665 Pauli
3158 5617 3261 5664 γαί.
3292 5616 3428 5665 3339
3639 5613 3703 5664 28
3741 5616 3857 5663 exl-

598 5716 705 5753 tum
746 5703 788 5750 L
1029 5706 1162 5753 orbis
1199 5705 1388 5753 Paulus
1599 5706 1664 5754 29
1700 5706 2024 5754 animosiores
2054 5704 2094 5752 L
2306 5703 2370 5752 30
2407 5700 2622 5770 domuit]
2657 5704 2847 5752 deleuit
2872 5702 2914 5750 L
3124 5700 3180 5751 31
3227 5702 3442 5763 diripuit
3466 5701 3519 5748 H
3724 5715 3859 5748 sam-

599 5784 702 5855 nio]
738 5791 988 5837 samnium
1025 5790 1168 5837 HPV
1372 5791 1437 5840 32
1473 5793 1618 5841 facile
1654 5806 1749 5842 om.
1793 5791 1864 5843 L‘
2073 5787 2213 5860 nota]
2249 5796 2394 5839 notae
2434 5789 2588 5853 HPV,
2633 5794 2749 5838 note
2787 5776 2870 5850 Ι),
2915 5802 3013 5837 om.
3057 5786 3130 5837 L·

755 5888 996 5933 loanxuas.
3410 5890 3440 5939 3
