4882 6775
1072 479 1098 537 1
1118 477 1193 537 10
2523 470 2883 527 IORDANIS

669 661 1027 728 XXXVIII
1070 682 1345 745 namque
1393 662 1678 727 Valamir
1738 663 1966 729 secreti
2025 669 2217 726 tenax
2237 665 2326 745 ¹),
2393 661 2670 726 blandus
2732 661 3049 743 alloqui0,
3118 661 3283 725 dolis
3341 680 3619 744 gnarus:
3687 660 4033 727 Ardaricus
4091 660 4220 728 fide
4265 669 4329 728 et

1068 765 1363 846 consili0,
1432 772 1503 830 ut
1563 765 1844 831 diximus
1858 768 1941 848 2),
2007 766 2241 831 clarus.
2337 764 2569 848 quibus
2626 784 2751 828 non
2813 763 3105 829 inmerito
3153 771 3371 829 contra
3416 770 3720 847 parentes
3762 764 4167 848 Vesegothas
4213 764 4329 831 de·-

1069 869 1207 935 buit
1251 867 1513 934 credere
1561 869 1961 952 pugnaturis,
2055 869 2305 949 reliqua
2352 875 2603 948 autem,
2675 868 2731 932 si
2778 867 2906 932 dici
2953 868 3053 933 sas
3099 874 3233 947 est,
3299 867 3489 932 turba
3531 887 3755 950 regum
3801 867 4327 951 diversarumque

1070 972 1396 1037 nationum
1443 972 1739 1037 ductores
1785 991 1861 1036 ac
1907 971 1961 1037 si
2010 972 2323 1037 satellites
2369 971 2628 1036 notibus
2672 971 2913 1035 Attilae
2962 970 3410 1051 attendebant,
3478 976 3542 1035 et
3584 970 3696 1035 ubi
3740 971 3923 1036 oculo
3968 971 4319 1053 annuisset,

1069 1076 1314 1157 absque
1375 1075 1592 1157 aliqua
1650 1074 2147 1139 murmuratione
2191 1094 2351 1149 ‚cum
2398 1074 2625 1139 timore
2672 1081 2736 1138 et
2778 1081 3050 1139 tremore
3094 1074 3530 1156 unusquisque
3577 1074 3907 1155 adstabat,
3975 1081 4086 1139 aut
4130 1082 4321 1152 certe,

902 1179 1022 1240 201
1075 1176 1245 1260 quod
1287 1177 1502 1243 iussus
1548 1176 1778 1258 fuerat,
1835 1178 2294 1260 exequebatur.
2377 1178 2555 1242 solus
2598 1176 2800 1241 Attila
2844 1197 2958 1241 rex
3003 1176 3282 1242 omnium
3327 1196 3553 1260 regum
3601 1196 3794 1261 super
3838 1196 4061 1241 omnes
4107 1184 4171 1242 et
4214 1197 4326 1261 pro

1073 1280 1366 1344 omnibus
1415 1279 1732 1344 sollicitus
1779 1287 1935 1345 erat.
2018 1280 2090 1345 fit
2133 1299 2287 1364 ergo
2333 1280 2414 1345 de
2461 1280 2605 1363 loci,
2658 1300 2847 1363 quem
2897 1279 3198 1362 diximus,
3251 1279 3678 1363 oportunitate
3707 1286 4055 1345 certamen.
4128 1280 4328 1345 Attila

1073 1402 1222 1447 suos
1269 1381 1522 1465 diriget,
1577 1382 1688 1465 qui
1734 1402 2038 1448 cacumen
2085 1383 2318 1448 montis
2363 1382 2762 1466 invaderent,
2820 1383 2936 1448 scd
2981 1404 3022 1448 a
3052 1382 3520 1448 Thorismundo
3565 1389 3629 1447 et
3657 1382 3843 1448 Aetio
3888 1383 4320 1467 praevenitur,

1071 1485 1176 1568 qui
1228 1485 1490 1551 eluctati
1538 1485 1721 1550 collis
1768 1487 2027 1552 excelsa
2074 1493 2144 1550 ut
2190 1486 2714 1569 conscenderent,
2770 1486 3129 1570 superiores
3175 1486 3387 1552 effecti
3434 1493 3601 1567 sunt,
3654 1485 4115 1569 venientesque
4147 1486 4328 1549 Hun-

1074 1606 1189 1652 nos
1232 1589 1466 1653 montis
1510 1587 1803 1654 benificio
1849 1590 2041 1654 facile
2086 1590 2522 1654 turbaverunt.

1246 1692 1429 1755 Tunc
1462 1691 1661 1756 Attila
1706 1712 1848 1756 cum
1893 1692 2140 1758 videret
2185 1692 2533 1757 exercitum
2579 1712 2776 1757 causa
2820 1692 3248 1777 praecedente
3292 1694 3635 1774 turbatum,
3687 1692 3803 1758 tali
3847 1712 3994 1758 eum
4041 1713 4122 1757 ex
4166 1698 4328 1757 tem-

1072 1813 1223 1878 pore
1272 1794 1542 1859 credidit
1589 1795 1870 1878 alloquio
1916 1796 2443 1861 confirmandum.
2546 1798 2725 1880 ‘post
2786 1796 3084 1861 victorias
3138 1803 3457 1861 tantarum
3504 1795 3825 1878 gentium,
3891 1803 4038 1879 post
4082 1796 4319 1876 orbem,

1080 1895 1170 1960 ‘si
1220 1897 1615 1979 consistatis,
1687 1899 2065 1981 edomitum,
2128 1900 2416 1983 ineptum
2475 1898 2909 1964 indicaveram
2969 1907 3295 1983 tamquam
3352 1899 3614 1982 ignaros
3671 1898 3765 1965 rei
3810 1898 4024 1965 verbis
4070 1918 4319 1964 acuere.

905 2002 1032 2064 203
1086 2000 1386 2081 ‘quaerat
1444 2000 1563 2065 hoc
1620 2008 1733 2066 aut
1791 2021 1993 2067 novus
2054 2001 2277 2067 ductor
2332 2009 2447 2067 aut
2503 2002 2875 2086 inexpertus
2934 2002 3276 2067 exercitus.
3370 2021 3489 2066 nec
3547 2001 3707 2065 mihi
3761 2000 3864 2067 fas
3924 2008 4025 2067 est
4079 2000 4328 2084 aliquid

1080 2102 1381 2185 ‘vulgare
1441 2103 1686 2185 dicere,
1752 2124 1872 2169 nec
1928 2106 2111 2170 vobis
2167 2112 2416 2189 oportet
2461 2105 2708 2170 audire.
2803 2105 2959 2188 quid
3004 2112 3217 2171 autem
3263 2105 3442 2171 aliud
3487 2125 3602 2171 vos
3649 2125 3839 2187 quam
3885 2105 4132 2171 bellare
4177 2124 4329 2169 con-

1078 2206 1093 2237 ‘
1118 2210 1414 2271 suetum?
1487 2215 1600 2272 aut
1644 2206 1800 2289 quid
1845 2208 1982 2273 viro
2028 2207 2175 2273 forti
2222 2208 2510 2290 suavius,
2564 2230 2755 2291 quam
2802 2208 3084 2274 vindicta
3127 2229 3320 2273 manu
3366 2214 3676 2292 querere?
3747 2228 4052 2290 magnum
4099 2226 4328 2273 munus

904 2311 1029 2372 204
1083 2310 1158 2372 ‘a
1199 2315 1430 2373 natura
1477 2310 1726 2376 animos
1772 2312 2012 2376 ultione
2058 2312 2318 2377 satiare.
2401 2311 2858 2395 adgrediamur
2900 2312 3098 2395 igitur
3141 2312 3388 2377 hostem
3434 2313 3715 2377 alacres:
3771 2311 4151 2376 audaciores
4184 2317 4332 2376 sunt

1081 2413 1390 2495 ‘semper,
1445 2413 1553 2494 qui
1597 2413 1880 2479 inferunt
1924 2415 2190 2479 bellum.
2285 2415 2607 2479 adunatas
2666 2414 2962 2498 dispicite
3023 2415 3320 2480 dissonas
3378 2421 3639 2497 gentes:
3721 2412 4029 2478 indicium
4073 2414 4328 2498 pavoris

1080 2518 1215 2579 ‘est
1273 2515 1575 2581 societate
1637 2515 1923 2582 defendi.
2017 2538 2097 2583 en
2157 2526 2306 2583 ante
2366 2518 2677 2602 impetum
2737 2525 3021 2583 nostrum
3082 2518 3428 2583 terroribus
3486 2517 3617 2581 iam
3674 2515 3996 2598 feruntur,
4072 2517 4330 2582 excelsa

1080 2621 1467 2700 ‘quaerunt,
1541 2620 1820 2684 tumulos
1888 2621 2149 2705 capiunt
2215 2627 2280 2686 et
2345 2641 2488 2686 sera
2555 2621 2973 2705 paenitudine
3039 2621 3106 2686 in
3175 2639 3435 2705 campos
3496 2618 3878 2685 monitiones
3937 2617 4321 2700 efflagitant.

1081 2725 1267 2787 ‘nota
1328 2722 1509 2787 vobis
1573 2730 1722 2787 sunt
1779 2744 1967 2805 quam
2030 2724 2157 2788 sint
2216 2723 2391 2788 levia
2436 2724 2860 2789 Romanorum
2909 2745 3118 2789 arma:
3185 2725 3389 2809 primo
3435 2723 3627 2789 etiam
3674 2742 3799 2787 non
3846 2721 3990 2787 dico
4035 2722 4321 2803 vulnere,

1082 2823 1239 2890 ‘sed
1295 2824 1436 2909 ipso
1498 2825 1762 2909 pulvere
1819 2835 2197 2909 gravantur,
2267 2825 2418 2891 dum
2476 2827 2542 2890 in
2602 2827 2825 2892 ordine
2873 2834 3104 2893 coeunt
3147 2835 3210 2893 et
3253 2827 3428 2892 acies
3473 2824 3923 2909 testudineque
3968 2831 4322 2889 conectunt.

903 2932 1029 2993 205
1085 2930 1234 2992 ‘vos
1296 2926 1619 3011 confligite
1675 2930 2106 3012 perstantibus
2165 2929 2432 3011 animis,
2503 2938 2572 2994 ut
2632 2930 2887 3013 soletis,
2957 2930 3511 3016 despicientesque
3566 2949 3784 2994 eorum
3839 2927 4045 2993 aciem
4090 2928 4330 2992 Alanos

1078 3030 1434 3111 ‘invadite,
1500 3030 1568 3094 iu
1613 3032 2015 3115 Vesegothas
2061 3032 2429 3098 incumbite.
2526 3032 2678 3098 inde
2724 3027 2910 3098 nobis
2957 3033 3085 3099 cita
3130 3033 3397 3098 victoria
3441 3052 3780 3115 quaerere,
3846 3030 4016 3096 unde
4064 3050 4133 3095 se
4180 3050 4333 3095 con-

1077 3133 1272 3198 ‘'tinet
1300 3134 1560 3198 bellum.
1642 3134 1895 3199 abscisa
1940 3142 2156 3201 autem
2201 3135 2417 3200 nervis
2464 3155 2611 3199 mox
2661 3137 2950 3202 membra
2994 3137 3386 3217 relabuntur,
3438 3155 3557 3201 nec
3601 3141 3815 3219 potest
3857 3142 4028 3200 stare
4075 3153 4326 3219 corpus,

732 1656 1029 1722 XXXIX

902 1745 1026 1807 202

1242 3532 1294 3579 Η
1317 3531 1362 3578 Ρ
1394 3532 1434 3579 V
1454 3532 1498 3580 L
1527 3533 1573 3579 A
1603 3531 1645 3578 Ο
1671 3533 1717 3580 Β
1747 3532 1921 3594 (deficit
1946 3534 2066 3593 folle
2093 3536 2249 3580 exciso
2274 3531 2304 3582 2
2331 3537 2384 3582 in
2409 3535 2609 3596 quibus)
2643 3535 2690 3581 X
2718 3535 2785 3591 (Y
2806 3535 2887 3595 Z).

1247 3703 1269 3753 1
1313 3705 1560 3751 uualamir
1597 3703 1658 3762 B,
1701 3705 1920 3752 ualamer
1957 3705 2109 3766 XYZ,
2153 3707 2413 3753 unalamer
2456 3705 2514 3765 Ο,
2557 3707 2809 3754 uualamar
2846 3705 2888 3753 L
3158 3706 3287 3755 dolis
3323 3701 3529 3771 gnarus]
3564 3704 3769 3765 HPVL,
3810 3705 3937 3753 dolis
3973 3706 4180 3765 ignarus
4217 3704 4329 3764 AO,

1071 3791 1168 3838 doli
1204 3792 1407 3850 ignarus
1442 3790 1587 3837 ΒΧΥ
1790 3791 2011 3839 ardarich
2055 3791 2209 3852 ΟΒΧ,
2251 3792 2449 3839 adar-ich
2485 3792 2526 3839 Y
2728 3792 2828 3839 ilde
2855 3800 2906 3840 et
2931 3807 2976 3842 c.
3005 3796 3066 3840 ut
3090 3792 3137 3841 d.
3170 3793 3335 3841 clarus
3366 3793 3446 3855 (cl.
3473 3798 3535 3840 ut
3558 3791 3607 3840 d.
3637 3791 3698 3851 Β)
3734 3805 3830 3839 om.
3861 3791 3914 3838 H
4119 3789 4151 3839 2
4187 3804 4338 3839 neso-

1074 3877 1246 3936 gothas
1274 3875 1338 3938 L,
1365 3876 1679 3936 uuisigothas
1706 3877 1772 3938 Χ,
1802 3878 2116 3937 uuisigothos
2154 3878 2234 3924 YZ
2444 3878 2473 3927 3
2510 3885 2828 3940 pugnaturus
2853 3878 2916 3940 L,
2943 3880 3233 3941 pugnatoris
3264 3877 3305 3925 Ο
3501 3873 3692 3943 autem]
3716 3878 3852 3926 enim
3878 3878 3971 3924 ΧΥ
4178 3877 4211 3925 4
4250 3891 4338 3926 na·

1073 3958 1294 4028 tionum]
1331 3963 1561 4024 gentium
1608 3962 1657 4024 Y,
1701 3977 1799 4010 om.
1829 3963 1879 4011 Χ
2114 3965 2159 4011 si
2195 3977 2293 4013 om.
2324 3965 2369 4011 A
2599 3960 2824 4030 notibus]
2864 3964 2976 4026 ΗΡ,
3021 3966 3233 4014 nutibus
3266 3962 3546 4012 VLAOXY
3760 3967 3870 4024 post
3905 3964 4076 4011 attilae
4113 3966 4207 4010 inu.
4249 3963 4337 4011 ad-

1075 4049 1166 4096 tile
1204 4050 1247 4096 si
1285 4049 1387 4098 dici
1425 4049 1500 4097 fas
1536 4053 1616 4096 est
1654 4048 1697 4096 L
1905 4051 2160 4098 annuissit
2203 4050 2244 4097 Ο
2456 4050 2486 4097 5
2524 4064 2702 4098 murm.
2732 4052 2798 4101 al.
2828 4051 2873 4097 A
3083 4064 3382 4113 unoquoque
3418 4048 3460 4096 L
3670 4051 3888 4098 atstabat
3926 4050 3970 4098 0
4179 4049 4211 4098 6
4247 4064 4337 4097 ex-

1076 4134 1355 4196 equabatur
1389 4134 1434 4181 L
1668 4130 1828 4201 solus]
1865 4135 1954 4184 sed
1992 4136 2125 4183 solus
2169 4135 2211 4182 O
2443 4150 2616 4196 regum
2652 4150 2751 4183 om.
2783 4137 2829 4183 A
3075 4136 3100 4183 7
3146 4137 3288 4184 attila
3323 4132 3462 4201 suos]
3497 4137 3731 4184 attilsuos
3768 4136 3811 4184 L
4056 4135 4087 4185 8
4125 4132 4336 4203 diriget]

1076 4219 1284 4282 HPVL,
1338 4220 1508 4281 dirigit
1545 4220 1738 4268 AOXY
2011 4222 2204 4270 muntis
2239 4222 2532 4270 inuaderint
2575 4222 2617 4269 O
2894 4221 2925 4271 9
2967 4223 3357 4272 conscenderant
3392 4221 3503 4283 ΧΥ,
3542 4227 3666 4270 recte
3696 4228 3836 4284 puto,
3877 4222 4255 4270 conscinderint
4292 4222 4336 4269 Ο

1079 4305 1137 4355 11
1179 4320 1296 4354 eum
1333 4307 1421 4353 tali
1464 4305 1506 4352 O
1720 4305 1780 4354 12
1819 4308 2044 4356 crededit
2081 4307 2138 4366 P,
2179 4308 2339 4355 credit
2375 4308 2468 4355 AO
2679 4309 2852 4356 urbem
2896 4307 2937 4355 Ο
3162 4307 3222 4358 13
3260 4311 3306 4357 si
3347 4304 3659 4374 consistatis]
3695 4310 3740 4356 si
3776 4309 4126 4358 consistebatis
4163 4308 4225 4370 L,
4265 4309 4337 4357 sic

1072 4393 1361 4441 constitutis
1393 4392 1434 4439 O
1631 4389 1727 4460 rei]
1764 4406 1817 4441 re
1843 4391 1933 4452 L‘,
1974 4394 2105 4453 regis
2130 4378 2213 4450 Ι),
2256 4407 2353 4443 om.
2384 4393 2522 4441 ΧΥΖ
2737 4393 2796 4442 14
2834 4391 2945 4460 aut]
2980 4400 3147 4442 antem
3178 4394 3220 4441 Ο
3417 4394 3585 4444 doctor
3618 4393 3751 4441 VLO
3948 4390 4060 4459 aut]
4095 4401 4266 4442 autem
4293 4395 4336 4442 Ο

1080 4477 1141 4526 15
1177 4479 1421 4539 uulgurae
1446 4479 1629 4527 ducere
1654 4478 1698 4526 L
1896 4475 2063 4546 uobis]
2088 4478 2372 4527 HPVLOZ
2388 4479 2576 4541 Duae„
2606 4492 2696 4528 uos
2721 4480 2817 4528 ΑΧ
2825 4479 2866 4526 Υ
3058 4482 3241 4542 oportit
3265 4479 3358 4528 Po
3555 4475 3746 4546 autem]
3774 4481 3907 4528 enim
3933 4481 3982 4527 Χ
3989 4480 4030 4527 Υ
4227 4477 4336 4547 uos]

1073 4565 1218 4612 uobis
1243 4566 1290 4612 A
1464 4560 1783 4631 consuetum]
1808 4566 2035 4613 consueti
2066 4564 2123 4627 Ο,
2156 4573 2422 4614 consuetos
2452 4565 2573 4613 XY:
2599 4568 2880 4614 consuestis
2907 4564 3281 4613 Malata-suanus
3458 4565 3520 4616 16
3545 4562 3796 4632 uindicta]
3819 4565 4028 4629 HPVO,
4060 4566 4333 4615 uindictam

1076 4649 1268 4698 LAXY
1507 4646 1688 4716 manu]
1726 4665 1913 4699 mannu
1953 4650 2011 4714 P,
2050 4665 2305 4713 manuque
2348 4651 2390 4698 O
2632 4666 2868 4712 magnum
2904 4665 3000 4701 om.
3033 4652 3170 4699 ΧῩΖ
3211 4651 3367 4714 (habet
3403 4652 3590 4714 Duae.)
3837 4649 4048 4719 munus]
4086 4655 4256 4702 minus
4291 4653 4334 4701 L

1079 4735 1136 4784 17
1178 4732 1389 4802 animos]
1426 4738 1653 4784 animum
1697 4736 1740 4784 Ο
2017 4738 2185 4785 hostes
2223 4737 2269 4784 A
2552 4737 2614 4787 18
2651 4734 2767 4804 qui]
2803 4752 2901 4799 qua
2938 4737 2983 4784 L
3262 4737 3326 4787 19
3362 4733 3551 4788 defend
3592 4738 3634 4785 O
3899 4745 4129 4787 nostrum
4165 4753 4259 4787 om.
4293 4737 4337 4785 0

1076 4820 1142 4871 20
1180 4830 1461 4883 queruntur
1503 4821 1544 4869 Ο
1822 4824 2007 4885 campis
2045 4823 2141 4870 AX
2152 4823 2189 4869 Υ
2463 4820 2786 4891 monitiones]
2830 4823 3036 4884 HPVL,
3096 4825 3406 4873 munitiones
3443 4825 3592 4873 ΑΟΧ
3600 4825 3637 4872 Υ
3910 4826 4255 4885 efflagitantur
4292 4824 4338 4871 O

1083 4906 1140 4957 21
1186 4916 1302 4957 nota
1337 4910 1480 4957 uobis
1522 4910 1687 4968 (nobis
1729 4908 1786 4971 Ο)
1831 4905 1973 4974 sunt]
2008 4915 2182 4957 notum
2218 4915 2298 4958 est
2331 4910 2474 4958 nobis
2513 4910 2650 4957 ΧΥΖ
2882 4907 3011 4976 sint]
3047 4916 3168 4958 sunt
3202 4911 3300 4958 ΧΥ
3523 4911 3684 4959 dicam
3721 4911 3766 4958 A
4009 4909 4075 4960 22
4113 4912 4336 4960 ordinem

1075 4993 1212 5042 XYZ
1489 4990 1878 5060 testudineque]
1913 4994 2077 5057 HPV,
2133 4995 2542 5057 testudinemque
2585 4994 2644 5058 Ο,
2704 4996 3086 5057 testudinesque
3125 4995 3329 5058 LXYZ,
3378 4997 3634 5045 testudine
3671 4998 3719 5044 A
3995 5004 4256 5047 conectant
4289 4999 4337 5046 L

1074 5078 1138 5129 23
1175 5082 1549 5143 praestantibus
1587 5082 1633 5128 A
1842 5082 1974 5130 acies
2017 5080 2059 5129 Ο
2292 5081 2358 5130 24
2394 5085 2449 5129 in
2485 5082 2797 5141 uuisigothos
2833 5083 2881 5129 Χ
2891 5082 2991 5143 ΥΖ,
3031 5084 3315 5142 uesegothis
3351 5086 3395 5129 A
3606 5085 3876 5132 incumbite
3918 5082 3961 5130 Ο
4170 5080 4337 5150 nobis]

1076 5167 1219 5214 nobis
1256 5173 1334 5214 est
1376 5166 1446 5229 0,
1506 5169 1647 5215 nobis
1685 5170 1779 5216 erit
1816 5168 1953 5215 ΧῩΖ
2230 5169 2381 5216 citam
2419 5169 2681 5216 uictoriam
2719 5167 2866 5215 AXY
3135 5182 3189 5217 se
3234 5170 3346 5229 (om.
3388 5168 3451 5232 L)
3491 5174 3623 5220 cont.
3665 5166 3812 5236 bell.]
3858 5170 3981 5219 bell.
4024 5184 4078 5218 se
4115 5176 4244 5219 cont.
4285 5172 4334 5217 A

1072 5249 1138 5300 25
1188 5254 1366 5301 abcisis
1405 5254 1451 5300 A
1729 5249 1919 5319 autem]
1973 5255 2109 5301 enim
2160 5253 2254 5300 ΧΥ
2293 5253 2411 5314 (non
2448 5255 2635 5311 Duae.)
2917 5254 3219 5302 delabuntur
3266 5255 3359 5302 ΧΖ
3399 5255 3520 5315 (non
3556 5255 3778 5317 Duum),
3835 5256 4127 5305 dilabuntur
4174 5256 4268 5304 AY

1075 5334 1191 5403 nec]
1226 5351 1291 5387 ne
1329 5340 1375 5386 A

1251 5682 1293 5745 1)
1343 5682 1682 5731 Cassiodorius
1722 5683 1892 5745 (supra
1923 5699 1976 5744 p.
2023 5686 2085 5731 76
2120 5688 2221 5731 not.
2255 5685 2336 5746 1):
2378 5684 2652 5734 Vnalamer
2687 5722 2698 5736 .
2736 5721 2747 5733 .
2782 5721 2795 5734 .
2836 5687 3025 5733 enituit
3059 5686 3171 5734 fide.

1246 5767 1292 5828 2)
1338 5783 1380 5816 c.
1422 5771 1507 5828 38,
1553 5771 1670 5818 199.

4370 1606 4428 1647 10

4370 2122 4429 2161 15

4368 2635 4431 2677 20

4373 3151 4434 3193 25
