4882 6775
2009 492 2346 550 ROMANA.
3719 496 3801 556 25

130 697 306 739 Pluma
334 700 375 747 2.
404 700 446 746 ⁶.
475 701 525 742 ³³
551 684 751 749 tebat.
846 682 1069 750 Sicilia
1127 683 1434 749 mandata
1475 683 1804 748 Marcello.
1894 701 2016 748 nec
2074 680 2185 747 diu
2229 682 2494 749 restitit:
2561 689 2694 748 tota
2738 683 2908 748 enim
2953 682 3169 747 insula
3209 681 3277 747 in
3321 702 3451 747 una
3493 681 3649 747 urbe
3694 700 3805 746 su-
3847 682 3967 743 196

551 794 775 870 perata
818 794 940 852 est.
1033 787 1280 870 grande
1323 784 1492 851 illud
1535 792 1600 851 et
1642 792 1792 851 ante
1834 785 1905 851 id
1948 791 2202 868 tempus
2245 785 2550 852 invictum
2598 791 2790 870 caput
2833 785 3192 869 Syracusae
3238 783 3532 868 quamvis
3575 783 3808 848 Archi-

404 916 445 946 ο.
474 905 524 945 ³⁴
551 888 758 954 medis
801 889 1064 972 ingenio
1110 887 1627 970 defenderentur,
1678 887 2025 970 aliquando
2071 894 2422 954 cesserunt.
2502 889 2696 971 longe
2739 888 2838 953 illi
2881 888 3116 971 treplix
3159 905 3379 952 murus
3411 885 3805 969 totidemque

550 1010 732 1057 arces
753 1043 767 1072 ,
833 998 1053 1076 portus
1110 991 1222 1057 ille
1282 1010 1674 1056 marmoreus
1734 998 1801 1057 et
1851 991 1995 1056 fons
2053 992 2456 1057 caelebratus
2494 991 2896 1073 Arethusae,
2959 989 3085 1055 nisi
3132 989 3304 1073 quod
3347 996 3612 1055 actenus
3657 1008 3806 1075 pro-
3842 1007 3867 1047 4

405 1122 445 1151 ο.
474 1112 525 1152 ³³
552 1093 751 1176 fuere,
803 1101 876 1160 ut
918 1093 1380 1178 pulchritudini
1424 1093 1632 1159 victae
1678 1094 1854 1158 urbis
1897 1099 2289 1178 parceretur.
2368 1093 2733 1159 Sardiniam
2765 1093 3096 1159 Gracchus
3126 1091 3417 1177 arripuit.
3497 1091 3659 1156 nihil
3702 1091 3802 1155 illi
3845 1094 3960 1154 197

553 1198 840 1280 gentium
892 1197 1115 1263 feritas
1160 1196 1663 1279 Insanorumque
1721 1233 1804 1243 —
1863 1216 2014 1260 nam
2059 1195 2153 1260 sic
2195 1201 2503 1261 vocantur
2559 1233 2644 1243 —
2703 1195 3071 1261 immanitas
3126 1195 3436 1260 montium
3480 1194 3799 1279 profuere.

552 1299 867 1365 saevitum
911 1300 980 1364 in
1023 1299 1215 1364 urbes
1260 1299 1609 1379 urbemque
1657 1298 1908 1363 urbium
1940 1298 2245 1380 Caralim,
2298 1304 2368 1363 ut
2411 1318 2574 1381 gens
2618 1303 2962 1364 contumax
3006 1298 3280 1381 vilisque
3324 1297 3544 1362 mortis
3589 1296 3804 1361 saltim

407 1430 447 1460 e„
475 1419 527 1459 ³⁶
554 1400 875 1468 desiderio
933 1401 1126 1487 patrii
1181 1401 1302 1466 soli
1361 1400 1748 1466 domaretur.
1840 1400 1909 1465 in
1967 1400 2274 1485 Spaniam
2331 1421 2483 1466 vero
2543 1400 2726 1466 missi
2772 1400 2994 1466 Gneus
3053 1408 3118 1466 et
3161 1400 3428 1466 Publius
3473 1399 3806 1482 Scipiones
3848 1402 3966 1463 198

551 1525 718 1591 pene
777 1512 975 1571 totam
1021 1503 1255 1570 Poenis
1314 1504 1685 1588 eripuerunt
1740 1502 2157 1587 provinciam.
2252 1502 2369 1569 sed
2413 1504 2668 1569 insidiis
2714 1503 2994 1568 Punicae
3040 1502 3288 1568 fraudis
3330 1502 3623 1586 oppressi
3666 1522 3808 1567 rur-

553 1626 693 1673 sum
737 1608 1106 1689 amiserant,
1158 1606 1412 1690 magnis
1456 1605 1716 1688 quidem
1761 1605 1861 1670 illi
1904 1605 2165 1691 proeliis
2212 1625 2354 1671 cum
2400 1607 2675 1672 Punicas
2720 1625 2876 1690 opes
2922 1605 3369 1672 caecidissent.
3448 1602 3567 1669 sed
3609 1603 3806 1669 Puni-
3848 1625 3905 1666 ιο

554 1730 669 1777 cae
714 1710 962 1776 fraudis
1005 1709 1283 1775 insidiae
1328 1710 1601 1775 alterum
1647 1708 1815 1773 ferro
1861 1715 2075 1774 castra
2118 1715 2504 1790 metantem,
2571 1709 2842 1774 alterum
2903 1728 3048 1774 cum
3094 1706 3416 1773 evasisset
3457 1706 3525 1771 in
3567 1712 3805 1771 turrem

405 1842 445 1872 o·
475 1831 524 1873 ³⁷
552 1813 828 1880 cinctum
873 1812 1122 1878 facibus
1165 1818 1641 1896 oppresserunt.
1720 1812 1918 1895 igitur
1960 1811 2028 1877 in
2072 1812 2380 1877 ultionem
2425 1813 2628 1896 patris
2662 1832 2752 1894 ‚ac
2795 1811 3006 1895 patrui
3050 1810 3286 1876 missus
3332 1807 3475 1876 cum
3519 1809 3807 1875 exercitu

405 1945 446 1974 c.
475 1935 526 1975 ss
554 1915 802 2001 Scipio,
857 1915 960 1980 cui
1002 1915 1141 1980 iam¹
1177 1913 1423 1997 grande
1467 1934 1699 1979 nomen
1745 1914 1827 1980 de
1872 1914 2094 1979 Africa
2139 1914 2274 1980 fata
2319 1914 2772 1996 decreverant,
2831 1913 3232 1979 bellatricem
3273 1912 3457 1978 illam
3500 1912 3656 1977 viris
3699 1933 3807 1977 ar-

554 2017 803 2100 misque
857 2017 1140 2083 nobilem
1184 2015 1529 2101 Spaniam,
1596 2016 1778 2081 illam
1838 2016 2249 2082 seminarium
2309 2016 2561 2083 hostilis
2620 2017 2972 2098 exercitus,
3036 2016 3221 2081 illam
3277 2015 3408 2080 iam
3465 2014 3807 2079 Annibalis

553 2119 962 2193 eruditricem
1004 2158 1092 2169 —
1133 2118 1512 2185 incredibile
1568 2119 1741 2185 dictu
1787 2155 1868 2166 -—
1914 2125 2113 2185 totam
2172 2140 2214 2184 a
2256 2119 2553 2204 Pyrineis
2608 2119 2930 2185 montibus
2986 2119 3054 2184 in
3098 2117 3395 2184 Herculis
3449 2119 3798 2201 columnas,
3849 2140 3907 2181 ιε

408 2254 449 2284 c.
478 2244 530 2285 ³⁹
554 2223 623 2288 in
683 2223 1007 2289 Oceanum
1069 2221 1497 2306 recuperavit.
1589 2222 1843 2294 nescias
1902 2222 2089 2287 citius
2146 2242 2232 2287 an
2290 2221 2570 2288 felicius.
2663 2243 2855 2306 quam
2898 2221 3205 2288 velociter
3222 2273 3237 2304 ,
3301 2227 3598 2303 quattuor
3652 2220 3809 2286 anni

555 2326 865 2392 fatentur:
920 2346 1114 2410 quam
1159 2325 1372 2407 facile,
1424 2325 1530 2391 vel
1575 2345 1705 2390 una
1747 2326 1977 2391 civitas
2023 2325 2283 2409 probat:
2348 2324 2573 2391 eodem
2619 2324 2880 2409 quidem
2924 2344 3049 2408 quo
3095 2324 3365 2390 obsessa
3408 2331 3528 2405 est,
3577 2324 3806 2390 eodem

557 2429 662 2495 die
723 2435 914 2514 capta
971 2435 1073 2494 est
1125 2448 1439 2511 omenque
1496 2427 1845 2494 Africanae
1904 2427 2210 2494 victoriae
2268 2427 2425 2511 fuit,
2490 2429 2662 2510 quod
2716 2436 2849 2495 tam
2907 2427 3098 2493 facile
3156 2426 3327 2492 victa
3382 2432 3481 2493 est
3524 2426 3809 2511 Spaniae

410 2564 449 2593 ο.
479 2552 530 2594 4⁰
558 2532 905 2615 Chartago.
999 2537 1240 2596 certum
1300 2537 1400 2596 est
1455 2537 1670 2596 tamen
1726 2529 1812 2595 ad
1865 2530 2336 2615 profligandam
2379 2531 2776 2617 provinciam
2821 2531 3102 2596 maxime
3146 2529 3473 2615 proficisse
3518 2529 3809 2613 singula-
3848 2535 3969 2596 199

556 2654 690 2699 rem
736 2632 918 2699 ducis
965 2633 1404 2716 sanctitatem,
1472 2634 1709 2718 quippe
1759 2634 1870 2716 qui
1913 2633 2200 2718 captivos
2245 2652 2479 2718 pueros
2525 2634 2907 2719 puellasque
2949 2633 3337 2719 praecipuae
3380 2631 3809 2717 pulchritudi-
3845 2653 3906 2696 20

557 2737 657 2803 nis
715 2736 1007 2801 barbaris
1066 2736 1463 2818 restitueret,
1530 2756 1612 2801 ne
1669 2735 1739 2801 in
1798 2743 2207 2821 conspectum
2252 2755 2438 2801 suum
2485 2735 2744 2819 quidem
2789 2755 3022 2821 passus
3067 2736 3339 2818 adduci,
3403 2755 3483 2801 ne
3527 2733 3685 2819 quid
3728 2733 3810 2801 de

411 2872 452 2901 ο.
482 2861 530 2902 41
559 2839 949 2923 virginitatis
992 2839 1361 2923 integritate
1408 2839 1734 2905 delibasse
1780 2839 1995 2904 saltim
2040 2839 2243 2905 oculis
2289 2839 2637 2905 videretur.
2715 2840 2878 2905 haec
2919 2839 2991 2904 in
3035 2838 3295 2904 diversa
3337 2846 3650 2905 terrarum
3693 2858 3812 2923 po-
3848 2845 3974 2905 200

557 2943 750 3027 pulus
809 2943 1159 3007 Romanus.
1275 2962 1394 3008 nec
1449 2942 1598 3008 ideo
1657 2948 1873 3008 tamen
1931 2942 2286 3009 visceribus
2343 2942 2576 3009 Italiae
2631 2942 3074 3008 inhaerentem
3134 2942 3511 3008 submovere
3568 2947 3816 3026 poterat

561 3045 970 3111 Annibalem.
1062 3045 1373 3129 pleraque
1416 3044 1503 3110 ad
1547 3051 1752 3111 ostem
1800 3044 2200 3127 defecerant,
2265 3052 2333 3111 et
2375 3046 2508 3111 dux
2551 3045 2900 3112 acerrimus
2944 3052 3164 3111 contra
3206 3045 3527 3110 Romanos
3570 3043 3815 3109 Italicis

413 3181 451 3210 ο.
485 3169 536 3210 42
562 3167 761 3232 coque
819 3147 1062 3212 viribus
1121 3148 1438 3214 utebatur.
1531 3147 1662 3213 iam
1722 3154 1938 3214 tamen
1998 3167 2145 3213 eum
2171 3208 2174 3211 .
2203 3148 2532 3233 plerisque
2592 3149 2846 3234 oppidis
2905 3155 2972 3215 et
3035 3148 3407 3233 regionibus
3470 3166 3815 3213 excussere
3854 3169 3916 3212 25

561 3250 855 3316 Romani.
932 3250 1062 3315 iam
1107 3251 1454 3316 Tarentum
1500 3251 1872 3334 retulerant,
1924 3251 2054 3316 iam
2099 3257 2166 3316 et
2209 3251 2436 3336 Capua
2480 3250 2676 3333 sedis,
2730 3252 2955 3317 domus
3001 3258 3067 3317 et
3107 3250 3319 3337 patria
3361 3250 3569 3316 altera
3609 3249 3817 3314 Anni-

562 3352 731 3419 balis
775 3352 1135 3434 tenebatur,
1187 3353 1370 3419 cuius
1416 3353 1680 3420 amissio
1724 3359 1972 3421 tantum
2018 3354 2232 3420 Poeno
2279 3354 2426 3420 duci
2473 3353 2756 3421 dolorem
2802 3354 3014 3437 dedit,
3066 3361 3138 3421 ut
3177 3352 3330 3420 inde
3374 3353 3527 3420 totis
3569 3353 3815 3419 viribus

414 3491 452 3521 ο.
485 3480 535 3520 43
562 3458 828 3523 Romam
888 3462 1383 3523 converteretur.
1475 3478 1513 3522 o
1571 3458 1878 3543 populum
1937 3457 2204 3541 dignum
2262 3458 2431 3523 orbis
2490 3458 2760 3543 imperio
2817 3458 3210 3543 dignumque
3268 3456 3549 3522 omnium
3595 3455 3816 3522 favore
3852 3463 3973 3524 201

564 3566 628 3626 et
670 3559 1111 3624 ammiratione
1156 3558 1484 3624 hominum
1527 3580 1606 3624 ac
1650 3560 1944 3625 deorum!
2024 3561 2369 3645 conpulsus
2415 3559 2503 3625 ad
2547 3561 2805 3626 ultimos
2849 3568 3058 3627 metus
3102 3561 3184 3626 ab
3229 3559 3481 3644 incepto
3525 3579 3653 3624 non
3697 3559 3816 3625 de-

561 3661 731 3728 sistit
788 3668 854 3727 et
911 3660 995 3727 de
1054 3679 1174 3726 sua
1230 3661 1388 3727 urbe
1448 3661 1760 3727 sollicitus
1805 3662 2096 3747 Capuam
2154 3669 2373 3728 tamen
2430 3683 2560 3728 non
2619 3664 2866 3744 omisit,
2935 3662 3053 3729 sed
3104 3670 3286 3748 parte
3331 3662 3650 3729 exercitus
3695 3662 3815 3728 sub
3856 3688 3917 3728 ³0

562 3762 770 3848 Appio
837 3763 1097 3829 consule
1162 3763 1422 3847 relicta,
1509 3771 1692 3849 parte
1766 3765 2069 3830 Flaccum
2148 3765 2218 3829 in
2294 3766 2454 3831 urbe
2534 3772 2757 3832 secuta
2820 3767 3058 3832 absens
3124 3766 3314 3831 simul
3380 3784 3818 3850 praesensque

416 3901 456 3932 ο.
487 3889 539 3930 44
565 3867 920 3951 pugnabat.
1014 3864 1171 3948 quid
1228 3887 1381 3950 ergo
1438 3867 1745 3932 miramur
1798 3867 2077 3933 moventi
2137 3874 2349 3933 castra
2406 3889 2449 3932 a
2506 3868 2695 3935 tertio
2754 3867 2974 3953 lapide
3020 3868 3325 3934 Annibali
3367 3868 3598 3934 iterum
3640 3867 3818 3953 ipsos
3855 3875 3980 3937 202

418 4004 457 4034 0.
487 3993 540 4033 ιε,
567 3967 722 4034 deos
780 3968 1138 4034 restitisse?
1223 3975 1403 4034 tanta
1461 3969 1632 4035 enim
1689 3968 1777 4034 ad
1838 3969 2129 4053 singulos
2186 3970 2364 4036 illius
2423 3978 2635 4037 motus
2690 3971 2790 4036 vis
2841 3971 3141 4037 imbrium
3187 3971 3397 4037 effusa
3440 3977 3573 4052 est,
3638 3977 3820 4036 tanta

563 4078 894 4138 ventorum
939 4071 1246 4138 violentia
1288 4080 1504 4137 coorta
1548 4078 1676 4154 est,
1730 4079 1799 4139 ut
1843 4072 2156 4139 divinitus
2199 4074 2450 4139 hostem
2497 4074 2864 4140 submoveri
2908 4095 3036 4140 non
3080 4095 3121 4140 a
3167 4075 3367 4156 caele,
3422 4073 3538 4139 sed
3582 4073 3665 4138 ab
3710 4093 3820 4137 ur-

419 4209 458 4240 o.
489 4198 542 4239 ιο
565 4175 666 4241 bis
723 4174 930 4259 ipsius
988 4175 1325 4240 moenibus
1384 4182 1449 4241 et
1505 4174 1829 4260 Capitulio
1885 4175 2233 4242 videretur.
2323 4177 2540 4260 itaque
2596 4177 2765 4260 fugit
2819 4182 2885 4243 et
2941 4178 3139 4243 cessit
3193 4185 3259 4244 et
3298 4177 3367 4243 in
3411 4176 3704 4242 ultimum
3749 4195 3820 4242 se
3860 4202 3922 4242 35

418 4312 461 4342 ο.
489 4302 542 4342 49
565 4278 795 4344 Italiae
838 4276 1083 4362 recepit
1126 4278 1369 4359 sinum,
1439 4298 1584 4343 cum
1642 4279 1866 4344 urbem
1926 4285 2170 4345 tantam
2229 4299 2357 4344 non
2414 4280 2746 4346 adoratam
2801 4279 3187 4364 reliquisset.
3218 4280 3265 4364 ,ΙΙ
3312 4280 3369 4345 si
3427 4279 3684 4363 quidem
3737 4280 3822 4344 ab
3860 4288 3984 4350 203

570 4379 815 4466 Spania
858 4380 1227 4446 Hasdrubal
1273 4379 1470 4447 frater
1510 4381 1851 4447 Annibalis
1897 4401 2039 4447 cum
2086 4383 2372 4448 exercitu
2415 4402 2616 4466 novo,
2669 4382 2852 4448 novis
2896 4382 3178 4465 viribus,
3244 4403 3412 4448 nova
3454 4383 3612 4448 belli
3655 4382 3824 4448 mole

424 4517 465 4547 ο.
493 4507 544 4547 ω
569 4483 888 4550 veniebat.
968 4491 1181 4550 actum
1226 4491 1328 4550 est
1354 4484 1576 4570 procul
1618 4484 1833 4566 dubio,
1886 4484 1944 4549 si
1974 4485 2074 4548 vir
2101 4485 2215 4550 ille
2247 4505 2318 4550 se
2349 4505 2492 4551 cum
2525 4485 2719 4551 fratre
2751 4484 3128 4551 inuexisset.
3199 4483 3318 4552 sed
3360 4485 3529 4551 hunc
3571 4504 3825 4567 quoque

567 4576 834 4653 tantum
870 4586 1041 4668 quod
1084 4587 1167 4652 ab
1211 4587 1380 4672 Alpe
1425 4585 1851 4653 descenderat
1892 4586 2194 4672 apudque
2239 4588 2601 4654 Metaurum
2653 4595 2864 4654 castra
2907 4593 3251 4654 metantem
3299 4587 3608 4654 Claudius
3652 4587 3825 4653 Nero

420 4723 461 4754 ο.
488 4713 536 4755 51
567 4710 709 4757 cum
754 4689 936 4755 Livio
981 4689 1340 4757 Salinatore
1385 4690 1689 4756 debellat.
1771 4690 1942 4756 Nero
1986 4690 2057 4755 in
2102 4690 2328 4756 ultimo
2373 4691 2608 4758 Italiae
2652 4691 2895 4775 angulo
2941 4692 3352 4758 submoverat
3394 4691 3812 4757 Annibalem:
3861 4717 3923 4758 ιο

738 5037 795 5084 Η
817 5036 862 5083 Ρ
890 5037 932 5085 v
966 5035 1157 5085 Paulus
1193 5038 1240 5088 h.
1282 5037 1344 5086 R.
1385 5038 1434 5099 3,
1480 5040 1544 5084 ιε
1586 5019 1676 5098 (39'
1706 5037 1938 5099 apudque
1975 5036 2301 5098 Metaurum).
2342 5063 2412 5073 -
2450 5034 2585 5086 Mur.
2622 5051 2674 5097 p.
2706 5036 2836 5085 2³⁶2·
2871 5053 2921 5086 υ.
2955 5037 3017 5087 15
3054 5039 3238 5087 -dibile
3273 5038 3431 5090 dictu.

745 5181 767 5231 1
810 5179 1063 5249 mandata]
1100 5184 1293 5242 Home,
1334 5184 1533 5230 mandat
1567 5183 1678 5230 libri
1949 5181 1979 5231 2
2017 5182 2338 5230 archimedile
2374 5181 2518 5228 HPV
2778 5182 2807 5230 :3
2847 5197 3013 5232 muros
3050 5183 3148 5232 ΗΡ
3408 5183 3438 5232 4
3477 5184 3649 5232 arches
3684 5183 3829 5231 HPV

569 5268 600 5316 8
637 5283 762 5330 geue
798 5268 871 5316 1²⁸
1094 5269 1125 5317 9
1161 5270 1307 5331 penis
1344 5269 1398 5315 H
1620 5268 1680 5317 10
1718 5270 2042 5317 ammiserant
2076 5268 2133 5315 Η
2356 5266 2419 5314 15
2456 5264 2702 5334 pyr-ineis]
2741 5269 3080 5317 1111>me
3109 5269 3321 5331 (Bamb.)
3562 5268 3621 5318 16
3658 5266 3738 5336 in]
3776 5275 3828 5317 et

569 5355 745 5402 Homo
957 5353 1016 5402 17
1056 5360 1135 5403 est
1171 5350 1366 5420 eodem]
1401 5360 1479 5401 est
1516 5354 1687 5402 Floms
1917 5351 1978 5402 18
2016 5349 2286 5418 omenque]
2324 5354 2505 5400 Florus
2536 5351 2722 5413 (Nam),
2763 5367 3044 5417 nomenque
3081 5356 3214 5406 nor.
3250 5355 3488 5417 (Bamb.),
3529 5369 3826 5416 omnemque

568 5440 715 5488 HPV
922 5438 984 5488 19
1019 5441 1289 5504 profecisse
1327 5439 1371 5486 P
1575 5438 1633 5488 21
1678 5440 1956 5488 restituerit
1991 5438 2106 5486 libri
2332 5436 2396 5486 25
2434 5435 2613 5504 coque]
2650 5439 2763 5499 ΗΡ,
2806 5454 3005 5502 quoque
3052 5441 3094 5487 V
3294 5455 3566 5490 excussere
3605 5477 3617 5489 .
3650 5478 3663 5490 .
3697 5477 3709 5488 .
3750 5455 3828 5489 re-

570 5522 815 5592 tulerant]
850 5540 1249 5587 excusseramus,
1290 5528 1394 5573 iam
1431 5526 1681 5573 Tarentus
1717 5525 1776 5572 ad
1815 5538 1904 5572 noe
1940 5525 2154 5572 redierat
2190 5524 2367 5572 Florus
2630 5523 2692 5573 27
2734 5521 2812 5592 nt]
2856 5531 2908 5574 et
2944 5526 3044 5574 ΗΡ
3299 5525 3365 5576 28
3402 5526 3583 5589 populo
3619 5525 3766 5573 HPV

570 5612 711 5660 urbis
747 5612 852 5658 HV
1074 5611 1135 5661 31
1175 5607 1326 5677 urbe]
1362 5611 1475 5659 libri
1510 5615 1556 5658 et
1593 5612 1767 5658 Florus
1797 5609 2011 5673 (Bamb.)
2242 5623 2456 5671 praeene
2492 5608 2565 5656 1²·
2792 5609 2857 5660 35
2895 5608 3157 5678 capitulio]
3193 5611 3291 5660 ΗΡ
3511 5610 3575 5660 36
3613 5609 3828 5678 tantam]

571 5696 733 5757 HPV,
773 5701 927 5744 totam
965 5697 1142 5745 nomo
1171 5696 1409 5758 (Bnmb.)‚
1449 5701 1648 5744 tantum
1687 5696 1858 5743 F'lorus
1886 5695 2052 5756 (Nau.)
2264 5691 2537 5761 adoratam]
2575 5696 2672 5743 ΗΡ
2699 5697 2897 5756 Florus,
2937 5697 3153 5745 adortum
3196 5697 3284 5758 (V)
3499 5696 3564 5746 37
3603 5698 3826 5760 spaniam

574 5782 719 5829 HPV
921 5782 985 5830 38
1023 5779 1125 5849 est]
1162 5787 1269 5830 erat
1304 5782 1481 5829 Florus
1691 5780 1758 5829 40
1795 5775 1940 5846 linio]
1979 5780 2170 5843 Florus,
2213 5781 2324 5827 lauo
2361 5779 2510 5828 HPV

735 5882 979 5923 lomna.
3386 5884 3418 5935 4
