4882 6775
1145 488 1226 549 35
2588 479 2953 537 lonnAms

976 678 1104 741 XX
1147 692 1316 754 quae
1361 671 1700 753 hodieque,
1752 670 2048 753 quamvis
2092 669 2312 751 regiae
2360 668 2536 734 urbis
2581 669 2909 735 vicinitate
2957 669 3380 753 congaudeat,
3434 669 3622 753 signa
3652 678 3869 737 tamen
3898 671 4224 738 ruinarum
4257 693 4410 738 sua-

982 782 1100 843 108
1147 796 1288 839 rum
1333 775 1665 857 aliquanta
1710 772 1796 838 ad
1839 772 2145 838 indicium
2193 772 2425 837 retinet
2468 772 2886 856 posteritatis.
2981 772 3104 837 hac
3166 792 3319 856 ergo
3380 772 3690 839 felicitate
3736 773 3968 858 Gothi,
4034 795 4163 857 qua
4207 776 4408 841 intra-

1142 884 1374 943 verunt
1416 877 1707 961 partibus
1752 875 1983 955 Asiae,
2053 875 2332 960 praedas
2378 874 2714 959 spoliaque
2760 875 2976 960 potiti,
3044 874 3623 959 Hellispontiacum
3684 877 3917 942 fretum
3977 885 4399 961 retranseunt,

1146 986 1478 1045 vastantes
1521 979 1748 1043 itinere
1796 997 1911 1043 suo
1956 978 2213 1042 Troiam
2262 977 2617 1060 Iliumque,
2684 998 2850 1061 quae
2908 978 3019 1042 vix
3080 997 3122 1042 a
3176 978 3350 1043 bello
3408 978 3524 1043 illo
3569 980 4157 1063 Agamemnoniaco
4201 1002 4406 1064 quan-

1143 1084 1348 1148 tulum
1410 1101 1482 1147 se
1543 1086 1919 1166 reparantes
1972 1100 2192 1145 rursus
2237 1080 2455 1145 hostili
2500 1099 2802 1145 mucrone
2847 1080 3104 1146 deletae
3149 1084 3389 1163 sunt1).
3482 1089 3628 1166 post
3672 1083 3869 1149 Asiae
3915 1104 4069 1168 ergo
4112 1085 4243 1149 tale
4289 1106 4406 1150 ex-

1144 1186 1383 1252 cidium
1429 1184 1708 1249 Thracia
1751 1204 1968 1249 eorum
2016 1191 2281 1268 experta
2327 1190 2426 1248 est
2470 1183 2813 1248 feritatem.
2908 1204 3059 1248 nam
3104 1184 3197 1249 ibi
3241 1184 3328 1249 ad
3371 1184 3624 1250 radices
3668 1186 3813 1250 Emi
3857 1187 4089 1252 montis
4136 1194 4200 1252 et
4242 1188 4403 1252 mari

1144 1289 1421 1354 vicinam
1452 1287 1802 1352 Anchialos
1849 1287 2173 1352 civitatem
2219 1286 2514 1370 adgressi
2544 1306 2691 1350 mox
2724 1286 2983 1367 adeunt,
3039 1288 3281 1367 urbem,
3338 1307 3531 1369 quam
3568 1288 3811 1353 dudum
3845 1289 4397 1374 Sardanaphalus,

982 1402 1103 1463 109
1149 1413 1263 1458 rex
1293 1392 1692 1472 Parthorum,
1743 1391 1911 1455 inter
1953 1390 2222 1455 limbum
2268 1390 2466 1454 maiis
2512 1395 2577 1454 et
2604 1389 2748 1453 Emi
2793 1389 3048 1455 radices
3093 1391 3372 1455 locasset
3387 1392 3462 1473 2).
3543 1390 3635 1455 ibi
3666 1411 3819 1474 ergo
3853 1392 4073 1457 multis
4118 1392 4406 1458 feruntur

766 1916 926 1979 XXI
979 1920 1095 1980 110

979 2540 1088 2598 111

1143 1495 1459 1560 mansisse
1520 1493 1749 1559 diebus
1808 1513 2120 1575 aquarum
2180 1492 2535 1558 calidarum
2595 1492 2901 1558 delectati
2959 1489 3270 1576 lavacris,
3338 1514 3506 1577 quae
3564 1494 3650 1559 ad
3704 1495 4084 1560 duodecimo
4129 1495 4402 1561 miliario

1143 1597 1638 1663 Anchialitanae
1683 1595 1963 1661 civitatis
2010 1602 2158 1660 sunt
2202 1596 2340 1673 siti,
2408 1595 2492 1660 ab
2535 1594 2666 1660 imo
2712 1613 2868 1660 suae
2914 1595 3107 1661 fontis
3150 1596 3329 1678 ignei
3376 1596 3863 1677 scaturrientes,
3933 1604 3999 1663 et
4040 1599 4207 1663 inter
4249 1600 4404 1664 reli-

1142 1722 1269 1785 qua
1327 1700 1525 1765 totius
1586 1698 1808 1763 mundi
1864 1699 2256 1764 thermarum
2317 1698 2882 1765 innumerabilium
2945 1699 3088 1765 loca
3148 1699 3406 1765 omnino
3465 1701 3773 1785 precipua
3824 1708 3888 1766 et
3932 1702 4018 1766 ad
4063 1704 4401 1768 sanitatem

1138 1804 1532 1870 infirmorum
1580 1802 2049 1868 efficacissima.

1315 1907 1569 1972 Exinde
1630 1925 1782 1989 ergo
1840 1905 1924 1969 ad
1983 1906 2273 1990 proprias
2320 1905 2512 1970 sedes
2558 1904 2838 1987 regressi
2883 1912 3029 1989 post
3072 1904 3232 1971 haec
3278 1925 3319 1970 a
3362 1906 3755 1971 Maximiano
3799 1907 4183 1992 imperatore
4214 1909 4403 1976 >redi-

1142 2018 1380 2095 guntur
1419 2009 1489 2074 in
1533 2008 1774 2073 auxilio
1819 2009 2247 2073 Romanorum
2294 2014 2515 2073 contra
2561 2006 2830 2072 Parthos
2873 2007 3101 2090 rogati,
3163 2007 3273 2072 ubi
3318 2008 3574 2073 omnino
3621 2009 3792 2074 datis
3838 2009 4199 2076 auxiliariis
4243 2011 4404 2078 fide-

1139 2114 1288 2180 liter
1342 2112 1650 2178 decertati
1709 2117 1877 2176 sunt.
1973 2111 2088 2177 sed
2146 2117 2484 2195 postquam
2532 2110 2772 2175 Caesar
2815 2110 3204 2175 Maximinus
3261 2131 3427 2194 pene
3488 2131 3631 2177 cum
3678 2132 3897 2178 eorum
3946 2114 4190 2179 solacia
4232 2115 4403 2180 Nar-
4475 2134 4497 2171 r,
4549 2112 4561 2120 ’

1141 2237 1321 2283 scum
1366 2235 1587 2298 regem
1632 2215 1970 2279 Persarum
2019 2212 2281 2297 Saporis
2325 2212 2549 2296 magni
2592 2219 2890 2297 nepotem
2930 2213 3230 2296 fugasset
3273 2213 3542 2297 eiusque
3588 2234 3807 2280 omnes
3867 2235 4021 2300 opes
4081 2217 4401 2300 simulque

1140 2339 1373 2386 uxores
1443 2326 1506 2384 et
1571 2317 1743 2382 filios
1810 2317 2277 2402 depraedasset
2334 2316 2783 2398 Achillemque
2839 2315 2907 2380 in
2966 2316 3364 2382 Alexandria
3423 2316 3847 2383 Dioclitianus
3908 2328 4280 2403 superasset
4339 2327 4402 2387 et

1139 2422 1567 2488 Maximianus
1618 2421 1961 2486 Herculius
2017 2420 2085 2484 in
2145 2419 2364 2484 Africa
2421 2418 3061 2501 Quinquegentianos
3119 2418 3491 2485 adtrivisset
3509 2422 3597 2503 ³),
3662 2440 3888 2505 pacem
3949 2422 4043 2487 rei
4103 2424 4400 2507 publicae

1142 2526 1358 2592 nancti
1404 2530 1749 2609 coeperunt
1792 2523 1976 2606 quasi
2022 2523 2266 2588 Gothos
2310 2524 2686 2605 neglegere.
2780 2542 2930 2586 nam
2976 2521 3114 2586 sine
3159 2521 3335 2607 ipsos
3381 2522 3622 2588 dudum
3670 2531 3887 2589 contra
3931 2526 4196 2607 quasvis
4242 2546 4402 2609 gen-

1139 2636 1237 2695 tes
1283 2631 1608 2693 Romanus
1653 2626 1973 2692 exercitus
2019 2625 2285 2691 difficile
2332 2625 2696 2690 decertatus
2742 2631 2865 2689 est.
2958 2631 3227 2709 apparet
3270 2644 3548 2709 namque
3607 2625 4009 2709 frequenter,
4076 2630 4392 2711 quomodo

1314 2938 2061 2997 HPVLAOBXWZ).

1317 3094 1341 3144 1
1384 3089 1674 3158 uicinitate]
1709 3094 1917 3139 ciuitate
1956 3092 2047 3139 OB
2256 3089 2286 3138 2
2323 3085 2656 3156 posteritatis]
2691 3091 2953 3150 potestatis
2993 3091 3132 3138 ΧΥΖ
3339 3092 3559 3141 filititate
3595 3092 3637 3141 O
3847 3094 3964 3155 quia
3993 3095 4036 3142 O
4244 3097 4403 3143 iutra-

1141 3178 1350 3248 uerunt]
1391 3180 1590 3239 OBXY,
1629 3180 1943 3225 intrauerant
1966 3175 2203 3224 HPVLA
2412 3173 2443 3223 3
2481 3180 2647 3236 partes
2674 3176 2769 3222 ΧΥ
2973 3177 3125 3238 preda
3149 3177 3407 3239 spoliaque
3436 3177 3543 3241 LO,
3586 3179 3769 3240 praeda
3805 3180 4059 3241 spolioque
4083 3182 4145 3241 B,
4188 3183 4403 3244 praediis

1149 3268 1267 3331 (-dis
1303 3267 1362 3327 Υ)
1408 3266 1684 3329 spoliisque
1711 3264 1863 3325 XYZ,
1906 3262 2088 3325 praeda
2124 3262 2397 3324 spoliisque
2432 3262 2479 3308 A
2688 3262 3137 3325 hellespontiacum
3162 3263 3211 3310 Χ
3219 3264 3318 3326 ΥΖ,
3360 3264 3774 3327 ellespontiacum
3806 3266 3864 3327 O,
3908 3266 4310 3328 ellispontiacum
4337 3269 4398 3327 L,

1139 3353 1440 3415 hellesponti
1464 3353 1510 3400 A
1720 3354 2085 3399 retransmeant
2113 3349 2203 3396 OB
2410 3346 2443 3396 4
2481 3344 2688 3415 itinere]
2723 3349 2780 3396 iu
2815 3350 2879 3399 it.
2922 3349 3107 3398 ΟΒΧΥ
3313 3352 3489 3400 troiam
3525 3351 3810 3414 hiliumque
3840 3352 3899 3412 O,
3942 3353 4089 3401 illum
4123 3355 4400 3417 troiamque

1141 3441 1190 3487 Χ
1396 3435 1514 3505 uix]
1551 3439 1632 3487 uis
1669 3438 1715 3484 A
1922 3451 1951 3484 a
1985 3449 2082 3485 orn.
2114 3435 2248 3482 XYZ
2454 3431 2567 3500 illo]
2602 3448 2705 3483 uno
2741 3436 2792 3483 X
2994 3437 3413 3497 agamennonlaco
3453 3437 3515 3498 O,
3554 3439 3908 3498 agamenniaco
3946 3441 4039 3486 ΧΥ
4244 3456 4401 3504 quan-

1139 3523 1330 3592 tulum]
1367 3524 1658 3587 quantolum
1699 3523 1806 3584 PV,
1849 3522 2221 3584 aliquantulum
2260 3521 2307 3568 B
2568 3520 2597 3568 5
2635 3535 2689 3570 se
2726 3519 3040 3589 reparantes]
3077 3522 3429 3584 HPVAXYZ,
3473 3529 3764 3587 reparantes
3799 3524 3860 3584 L,
3902 3527 4204 3588 respirantes
4244 3528 4334 3576 OB

1137 3614 1287 3662 hotili
1321 3623 1565 3670 mugrone
1603 3610 1647 3658 O
1854 3604 2074 3673 deletae]
2108 3608 2288 3656 deluo
2324 3607 2433 3667 H‘,
2473 3607 2628 3655 dilate
2668 3608 2728 3669 O,
2771 3608 2966 3656 delatae
3000 3610 3046 3656 B
3276 3610 3547 3658 exciduum
3584 3610 3640 3657 H
3867 3610 3899 3660 6
3935 3618 4142 3674 experta
4177 3611 4279 3680 est]
4315 3628 4402 3663 ex-

1139 3704 1386 3763 pertatem
1416 3698 1459 3745 O
1668 3708 1784 3743 nam
1809 3695 1882 3742 ibi
1924 3732 1936 3744 .
1969 3730 1982 3743 .
2013 3729 2026 3741 .
2071 3694 2099 3741 7
2139 3695 2401 3742 ciuitatem
2427 3707 2525 3742 om.
2559 3693 2648 3741 OB
2855 3694 2992 3742 hemi
3017 3695 3113 3742 ΧΥ
3317 3695 3346 3742 7
3386 3696 3677 3745 anchilialos
3701 3698 3746 3743 A
3953 3695 4165 3766 adeunt]
4199 3701 4261 3748 ad
4286 3715 4398 3749 eum

1141 3777 1200 3847 P,
1229 3785 1290 3833 ad
1316 3797 1426 3832 eam
1451 3784 1496 3830 A
1689 3776 2106 3846 sardanaphalus]
2130 3779 2287 3840 HPV,
2318 3779 2691 3842 sardanapallus
2717 3780 2904 3829 LAOB
2916 3781 2965 3842 Y,
2997 3782 3350 3843 sardanapalus
3376 3782 3425 3829 Χ
3630 3780 3662 3831 8
3698 3783 3960 3844 pathorum
3986 3785 4077 3833 ΡΥ
4265 3788 4400 3836 hemi

1141 3872 1239 3919 XY
1443 3870 1728 3917 collocasset
1749 3868 1795 3915 B
2003 3863 2140 3933 ergo]
2175 3867 2312 3914 enim
2341 3866 2431 3914 OB
2639 3864 2897 3933 feruntur]
2934 3868 3093 3916 fertur
3120 3868 3164 3916 O
3372 3867 3404 3916 9
3441 3869 3503 3916 ad
3539 3869 3891 3918 duodecimum
3928 3872 4206 3922 miliarium
4243 3875 4293 3921 X
4299 3875 4392 3934 YZ,

1140 3957 1431 4005 duodecimo
1455 3956 1678 4004 miliario
1700 3953 1960 4015 HPVLA,
1999 3968 2028 4001 a
2052 3953 2425 4014 quintodecimo
2450 3953 2669 4000 miliario
2698 3953 2786 4001 OB
2997 3954 3058 4003 10
3095 3954 3424 4003 anchilitanae
3449 3955 3544 4002 LX
3556 3956 3652 4017 YZ,
3694 3956 3993 4004 achialitane
4017 3959 4062 4006 A
4271 3962 4396 4010 ciui-

1138 4046 1232 4093 tati
1263 4045 1306 4092 O
1505 4043 1633 4090 sitae
1657 4040 1849 4088 AOBX
1856 4041 1897 4087 Y
2087 4040 2165 4086 aui
2192 4039 2430 4086 AOBXY
2616 4039 2725 4098 igni
2754 4039 2861 4098 OB,
2901 4040 3064 4100 igneis
3088 4041 3134 4087 A
3327 4037 3711 4107 scaturrientes]
3746 4042 3913 4104 ΗΡΘ,
3953 4045 4288 4095 scaturientes
4308 4048 4393 4096 rel.

1142 4130 1201 4180 11
1243 4129 1685 4178 inmunerabilium
1725 4128 1768 4175 O
1996 4127 2234 4188 precipua
2278 4127 2469 4187 (praec-
2496 4125 2552 4186 Ρ)
2595 4121 2669 4192 et]
2704 4125 2760 4172 H
2766 4125 2865 4188 PV,
2907 4128 3143 4187 precipua
3179 4126 3238 4189 L,
3279 4128 3519 4189 precipue
3554 4133 3606 4175 et
3643 4129 3840 4187 AXYZ,
3882 4130 4275 4194 pr(a)ecipu(a)e
4312 4133 4398 4180 OB

1143 4217 1205 4266 12
1244 4216 1620 4265 efficacissimae
1644 4215 1787 4262 ABX
1795 4214 1835 4260 Y
2045 4211 2103 4260 13
2143 4208 2280 4278 ergo]
2316 4225 2430 4272 rogo
2461 4210 2504 4258 O
2699 4213 2899 4273 propias
2925 4211 3005 4259 P‘
3201 4210 3344 4279 haec]
3379 4213 3472 4261 hoc
3496 4215 3541 4261 A
3737 4216 4063 4277 imperatores
4087 4216 4133 4263 P
4324 4232 4400 4266 re·

1140 4297 1405 4367 diguntur]
1440 4301 1699 4349 ducuntur
1739 4300 1888 4362 OBY,
1931 4299 2168 4347 dicuntur
2205 4299 2254 4345 Χ
2487 4297 2548 4346 14
2586 4299 2779 4346 auxilia
2815 4299 2876 4360 B,
2917 4299 3165 4347 auxilium
3202 4300 3344 4346 ΑΧΥ
3565 4301 3721 4360 rogati
3756 4313 3852 4351 om.
3882 4302 3927 4349 A
4157 4303 4320 4352 fidelit
4356 4305 4399 4352 O

1144 4389 1206 4438 15
1243 4389 1352 4438 dec.
1394 4383 1539 4453 sunt]
1576 4386 1963 4435 decertauerunt
1999 4389 2044 4434 A
2254 4385 2589 4432 maximianus
2627 4385 2814 4432 ABXY
3019 4381 3223 4451 solacia]
3259 4385 3419 4446 HPV,
3464 4387 3694 4446 solac(vel
3712 4389 3805 4446 t)i0
3841 4387 4088 4450 LOBXY,
4133 4390 4323 4438 solatiis
4351 4391 4396 4438 A

1145 4474 1206 4524 16
1243 4474 1410 4534 magni
1437 4476 1643 4535 neptem
1670 4471 1760 4534 A‘,
1793 4473 1922 4531 magi
1953 4472 2118 4531 (magii
2149 4469 2239 4531 0⁰)
2270 4477 2507 4532 nepotem
2537 4470 2579 4517 O
2793 4470 2852 4519 17
2891 4467 3046 4537 filios]
3081 4472 3118 4520 s.
3150 4473 3374 4534 captiuos
3400 4472 3459 4535 L,
3503 4473 3690 4521 liberos
3715 4474 3761 4521 A
3935 4475 4302 4538 anhillemquae
4332 4474 4390 4538 Ο,

1139 4560 1509 4621 achilleumque
1553 4559 1593 4605 Y
1797 4557 2165 4605 alexrandriam
2197 4555 2252 4603 O·
2447 4553 2793 4623 dioclitianus]
2832 4556 3035 4617 HPLX‚
3078 4558 3405 4606 diocletianus
3441 4558 3551 4619 AY,
3591 4558 3882 4608 dioclitiano
3917 4559 3967 4622 V,
4009 4561 4292 4610 diodiciano
4332 4561 4393 4618 0,

1139 4661 1253 4695 curn
1292 4645 1584 4694 dioclitisno
1619 4644 1666 4692 B
1894 4640 1969 4710 et]
2005 4644 2126 4691 haec
2166 4642 2210 4690 O
2444 4642 2508 4692 18
2544 4642 2798 4691 hirculeus
2842 4643 2885 4690 O
3115 4640 3194 4710 in]
3227 4646 3331 4692 iam
3368 4647 3413 4692 A
3639 4644 4157 4714 quinquegentianos]
4192 4648 4391 4698 LAXY.

1139 4732 1672 4795 quinquegentitiauos
1708 4729 1865 4792 HPV,
1909 4731 2434 4791 quinquangentianos
2475 4729 2535 4786 0,
2576 4729 2592 4776 l
2630 4742 2788 4776 annos
2826 4730 2869 4776 B
3075 4730 3377 4779 adtreuisset
3416 4731 3460 4779 O
3671 4729 3735 4780 19
3771 4733 3903 4780 nacti
3940 4733 4087 4781 AOX
4288 4747 4398 4782 coe·

1139 4815 1347 4885 petunt]
1382 4817 1523 4865 HVA
1536 4817 1640 4880 OB,
1684 4816 2000 4878 e(a)eperunt
2040 4815 2223 4863 PLXY
2427 4816 2557 4877 ipsis
2593 4816 2784 4862 ABXY
3012 4813 3239 4883 quasuis]
3277 4823 3501 4879 quasque
3536 4817 3582 4863 B
3791 4816 3857 4866 20
3893 4818 4002 4868 dec.
4043 4817 4146 4886 est]
4182 4820 4399 4868 decerta-

1139 4906 1219 4953 uit
1255 4907 1299 4953 A
1507 4918 1674 4967 quom.
1715 4905 1842 4965 freq.
1884 4904 1928 4950 A

1851 5068 1974 5072 -ἠ-
2025 5067 2128 5071 *d
2149 5059 3653 5079 ——--—-——-————————————.'⁴-0-—-——-†
3676 5069 4391 5075 ij—-m

1319 5177 1363 5238 1)
1405 5178 1474 5238 cf.
1517 5178 1813 5225 Ammianus
1850 5178 1883 5225 l.
1925 5191 1968 5226 c.
2009 5175 2076 5224 ad
2107 5192 2160 5237 p.
2202 5179 2286 5234 84,
2332 5180 2379 5223 1.

1314 5264 1362 5325 2)
1405 5263 1475 5324 cs.
1517 5264 1812 5311 Ammianus
1847 5264 1882 5311 l.
1925 5277 1966 5311 c.
2007 5261 2073 5309 ad
2103 5277 2159 5322 p.
2199 5265 2283 5322 84,
2327 5266 2373 5309 1.
2452 5265 2504 5308 at
2552 5275 2656 5310 non
2692 5262 2817 5308 hanc
2853 5261 3149 5322 Anchialen,
3205 5261 3287 5309 sed
3324 5263 3532 5309 alteram
3574 5262 3772 5311 Ciliciae
3807 5278 3838 5310 a
3874 5262 4239 5324 sardanapalla
4272 5277 4395 5312 con-

1140 5350 1294 5399 ditam
1330 5364 1426 5397 esse
1463 5347 1632 5408 serunt
1665 5352 1888 5395 auctores
1923 5349 2060 5394 citati
2096 5346 2231 5408 apud
2266 5346 2572 5406 Stephanum
2607 5360 2647 5393 a.
2688 5362 2735 5394 v.
2776 5351 2823 5394 et
2859 5345 3043 5394 Surdas
3079 5361 3119 5395 a.
3161 5363 3209 5396 v.

1315 5436 1360 5499 3)
1412 5435 1614 5483 Orosius
1653 5436 1703 5494 7,
1743 5435 1841 5483 25:
1890 5432 2170 5481 rebellante
2210 5468 2221 5481 .
2257 5467 2268 5479 .
2302 5469 2315 5483 .
2356 5432 2583 5478 Achilleo
2624 5433 2679 5479 in
2726 5433 2979 5493 Aegypto,
3032 5445 3144 5480 cum
3192 5438 3245 5479 et
3294 5432 3513 5480 Africam
3563 5432 4024 5494 Quinquegentiani
4073 5434 4387 5490 infestarent,

1140 5523 1357 5571 Narseus
1403 5524 1554 5570 etiam
1605 5534 1694 5568 rex
1731 5519 1993 5567 Persarum
2028 5518 2284 5567 Orientem
2321 5518 2452 5566 bello
2487 5523 2738 5579 premeret
2778 5554 2791 5567 .
2823 5554 2835 5566 .
2870 5552 2883 5566 .
2923 5518 3260 5566 Maximianus
3298 5520 3559 5578 Augustus
3596 5518 4095 5580 Quinquegentiauos
4130 5521 4187 5567 in
4224 5520 4392 5568 Africa

1137 5610 1354 5668 domuit,
1410 5621 1552 5670 porro
1599 5611 1767 5654 autem
1805 5605 2149 5653 Diocletianus
2185 5604 2475 5653 Achilleum
2515 5640 2525 5651 .
2560 5640 2572 5652 .
2607 5640 2619 5652 .
2660 5603 2789 5664 apud
2827 5603 3184 5651 Alexandriam
3231 5605 3364 5664 cepit
3412 5610 3465 5653 et
3510 5605 3768 5652 interfecit
3805 5640 3818 5652 .
3851 5640 3864 5653 .
3898 5640 3909 5653 .
3952 5604 4184 5654 Galerius
4229 5604 4391 5652 Maxi-

1139 5695 1339 5742 mianus
1379 5730 1392 5743 .
1426 5733 1437 5745 .
1471 5732 1481 5743 .
1523 5707 1614 5755 per
1649 5692 1904 5751 Illyricum
1939 5697 1991 5740 et
2026 5690 2262 5739 Moesiam
2298 5691 2524 5752 undique
2562 5690 2728 5752 copias
2766 5690 3016 5736 contraxit
3055 5727 3066 5738 .
3099 5725 3112 5738 .
3145 5726 3157 5738 .
3200 5689 3439 5738 Narseum
3489 5690 3682 5749 magnis
3719 5689 3941 5737 consiliis
3977 5691 4267 5753 viribusque
4299 5703 4393 5737 su·

1140 5780 1333 5842 paravit
1375 5815 1385 5826 .
1422 5817 1431 5828 .
1466 5815 1477 5827 .
1519 5785 1676 5826 castra
1715 5779 1826 5826 eius
1863 5778 2074 5834 invasit,
2118 5789 2298 5825 uxores
2336 5789 2526 5825 sorores
2563 5777 2839 5835 liberosque
2876 5775 3037 5837 cepit,
3078 5776 3359 5823 inmensam
3398 5776 3496 5822 vim
3536 5788 3686 5835 gazae
3723 5775 3952 5824 Persicae
3987 5778 4218 5838 diripuit.

4446 1619 4499 1658 ¹0

4433 2645 4490 2686 21)
