4882 6775
1864 451 2324 508 PROOEMIVM.
3565 448 3716 513 XLI

474 685 488 713 ‘
512 680 755 746 titerint
811 699 890 745 ex
952 699 1171 745 eorum
1229 677 1536 763 progenie
1595 677 1698 742 vel
1758 676 1868 761 (1111
1926 676 2186 742 eruditi’
2257 678 2404 760 (cod.
2458 676 2564 742 vel
2609 694 2689 740 ex
2734 673 2964 757 quibus
3010 672 3296 756 eruditis)
3366 672 3579 738 editus
3635 672 3718 737 ab

465 802 749 867 Vsenero
801 800 846 864 l.
899 820 996 883 c.,
1064 798 1235 864 unde
1295 798 1420 864 huc
1478 797 1799 883 pertinent
1856 804 2173 863 extrema:
2250 795 2705 862 ‘Cassiodorus
2765 796 3036 860 Senator
3088 793 3187 858 vir
3245 792 3716 859 eruditissimus

473 926 487 954 ‘
510 928 574 987 et
616 920 835 986 multis
882 920 1303 1005 dignitatibus
1347 919 1599 1004 pollens
1642 917 1895 984 iuvenis
1941 917 2105 983 adeo
2151 917 2302 983 dum
2349 916 2548 1002 patris
2595 915 2966 981 Cassiodori
3010 913 3262 1000 patricii
3307 921 3372 980 et
3408 912 3717 998 praefecti

476 1040 813 1126 ‘praetorii
875 1039 1276 1106 consiliarius
1333 1041 1516 1105 fieret
1572 1046 1636 1105 et
1687 1038 1915 1105 laudes
1959 1037 2389 1104 Theodorichi
2434 1036 2608 1121 regis
2653 1036 3003 1102 Gothorum
3050 1033 3509 1100 facundissime
3554 1032 3721 1098 reci-

475 1166 490 1196 ‘
512 1168 748 1243 tassct,
818 1162 900 1226 ab
946 1182 1023 1226 60
1069 1167 1371 1245 quaestor
1413 1168 1512 1226 est
1555 1160 1798 1242 factus,
1851 1158 2155 1244 patricius
2201 1167 2265 1224 et
2310 1159 2533 1224 consul
2578 1157 2966 1236 ordinarius,
3035 1154 3439 1241 postmodum
3485 1153 3719 1220 dehinc

481 1283 822 1366 ‘magister
882 1280 1236 1347 officiorum
1295 1288 1361 1347 et
1415 1280 1806 1366 praefuisset
1858 1283 2001 1362 [scr.
2048 1281 2182 1363 sere
2225 1279 2432 1364 praef.
2486 1285 2685 1363 praet.
2740 1277 3084 1362 suggessit]
3138 1276 3444 1343 formulas
3491 1274 3719 1340 dictio-

483 1410 703 1484 ‘num,
771 1421 933 1486 quas
990 1401 1056 1467 in
1115 1420 1214 1466 xn
1259 1401 1440 1467 libris
1501 1400 1823 1466 ordinavit
1875 1407 1941 1466 6ι
1983 1400 2303 1466 variarum
2348 1399 2604 1466 titulum
2650 1398 3081 1485 superposuit.
3175 1395 3430 1482 scripsit
3470 1393 3721 1481 praeci-

485 1524 737 1608 ‘piente
783 1522 1226 1588 Theodoricho
1270 1542 1423 1606 rege
1468 1521 1796 1587 historiam
1829 1521 2165 1587 Gothicam
2209 1521 2521 1604 originem
2569 1527 2634 1586 et
2675 1519 2819 1585 loca
2861 1537 3070 1584 mores
3115 1518 3181 1582 in
3234 1520 3588 1600 [moresque
3618 1534 3719 1580 xn

479 1649 493 1677 ‘
515 1646 790 1708 emendat
832 1644 1071 1724 Vsener]
1126 1641 1308 1708 libris
1338 1643 1779 1708 annuntians’.
1862 1643 2116 1723 librum,
2170 1641 2340 1707 unde
2369 1641 2531 1707 haec
2561 1647 2864 1725 excerpta
2895 1645 3061 1721 sunt,
3113 1637 3259 1704 ideo
3288 1636 3711 1723 potissimum,

477 1764 649 1847 quod
694 1762 1065 1847 Symmachi
1109 1770 1173 1829 et
1217 1762 1468 1828 Boethii
1512 1763 1647 1828 vita
1688 1763 1781 1829 ita
1824 1770 2189 1843 enarratur,
2254 1769 2326 1829 ιιι
2380 1761 2603 1827 iudicii
2660 1781 2878 1827 eorum
2924 1767 2990 1826 et
3032 1759 3210 1825 exitii
3254 1758 3493 1825 mentio
3536 1757 3718 1823 nulla

473 1887 607 1969 fiat,
658 1886 982 1951 Vsenerus
1027 1883 1355 1950 contendit
1398 1904 1461 1948 a.
1501 1886 1625 1948 522
1671 1905 1712 1949 a
1749 1882 2153 1949 Cassiodorio
2199 1883 2505 1968 scriptum
2550 1902 2695 1948 6336
2741 1889 2806 1948 et
2846 1887 3184 1966 propterea
3226 1879 3552 1946 historiam
3584 1878 3719 1943 Go-

470 2006 722 2072 thorum
777 2012 925 2070 ante
983 2024 1128 2070 eum
1185 2024 1421 2069 annum
1482 2003 1743 2069 editam.
1838 2004 1956 2069 sed
2013 2003 2083 2069 id
2141 2010 2211 2070 ut
2259 2003 2464 2089 perite
2510 2004 2755 2087 arguit,
2820 2003 2914 2068 ita
2955 2023 3182 2088 parum
3228 1999 3711 2067 demonstravit.

472 2148 624 2192 nam
670 2145 812 2192 cum
859 2132 925 2190 et
965 2124 1369 2210 praefectura
1411 2124 1719 2209 praetorii
1764 2145 1825 2189 a.
1864 2129 1987 2188 534
2035 2124 2272 2209 adepta
2315 2145 2440 2190 non
2485 2126 2753 2191 obscure
2796 2124 2888 2189 ibi
2933 2127 3456 2190 commemoretur
3499 2128 3565 2187 et
3601 2140 3716 2185 va-

470 2248 705 2312 riarum
753 2245 1102 2331 publicatio
1147 2265 1200 2310 c.
1253 2265 1316 2309 a.
1368 2247 1491 2309 538
1538 2245 1742 2326 facta,
1801 2245 1955 2309 item
2001 2246 2068 2309 in
2111 2245 2251 2329 ipso
2298 2246 2607 2331 principio
2652 2244 3098 2311 Cassiodorius
3143 2249 3397 2328 praeter
3440 2242 3713 2307 honores

473 2369 839 2433 saeculares
884 2365 1076 2431 etiam
1131 2364 1515 2430 ‘monachus
1560 2384 1785 2430 servus
1830 2364 1963 2430 dei’
2028 2365 2307 2449 dicatur,
2374 2374 2663 2451 apertum
2711 2374 2810 2433 est
2854 2366 2973 2432 hoc
3015 2362 3559 2450 apospasmatium
3603 2368 3716 2427 aut

472 2505 810 2571 superesse
857 2506 938 2552 ex
984 2485 1206 2552 libello
1251 2492 1395 2570 post
1438 2484 1829 2551 Cassiodorii
1875 2486 2352 2553 conversionem
2398 2486 2571 2554 edito
2615 2495 2761 2568 aut,
2827 2487 2998 2571 quod
3050 2486 3259 2569 magis
3305 2483 3707 2565 crediderim,

469 2606 923 2673 additamentis
966 2606 1198 2672 alienis
1243 2612 1499 2671 auctum
1546 2625 1709 2672 esse.
1805 2626 1924 2671 nec
1969 2600 2276 2673 rationem
2322 2608 2516 2675 habet
2543 2610 2624 2675 de
2656 2608 2852 2674 variis
2884 2628 3048 2692 quae
3080 2607 3376 2673 dicuntur
3404 2604 3490 2670 ad
3518 2603 3717 2670 inter-

471 2730 820 2814 polatorem
879 2727 1117 2794 referre
1175 2734 1240 2793 et
1296 2727 1416 2792 hoc
1472 2726 1834 2792 testimonio
1893 2727 1983 2791 uti
2030 2728 2113 2793 ad
2161 2728 2464 2795 historiae
2508 2729 2821 2795 Gothicae
2866 2727 3211 2795 editionem
3255 2724 3708 2794 definiendam.

469 2870 505 2914 e
565 2848 878 2914 contrario
936 2856 1006 2914 ut
1061 2847 1392 2934 probabile
1451 2854 1551 2913 est
1607 2847 1867 2913 iubente
1912 2848 2309 2914 Theoderico
2367 2850 2700 2915 historiam
2757 2857 3045 2936 coeptam
3102 2868 3281 2933 esse,
3347 2848 3443 2914 ita
3500 2846 3716 2912 omnia

472 2969 746 3035 suadent
802 2969 1041 3035 editam
1100 2989 1243 3034 eam
1304 2987 1448 3034 esse
1505 2968 1673 3033 inter
1716 2988 1778 3032 a.
1830 2970 1990 3050 526,
2056 2989 2181 3051 (1110
2226 2969 2382 3035 011111
2424 2970 2895 3054 Theodericus,
2960 2979 3025 3037 et
3067 2991 3128 3035 a.
3182 2971 3340 3052 533,
3401 2988 3525 3051 quo
3570 2986 3714 3032 eam

471 3096 918 3155 commemorat
962 3089 1241 3175 epistula
1285 3088 1564 3155 auctoris
1610 3108 1806 3173 supra
1849 3089 2137 3154 recitata.
2230 3090 2321 3155 ita
2379 3090 2548 3156 enim
2594 3099 2765 3157 recte
2810 3091 3200 3176 explicatur,
3268 3087 3715 3157 Cassiodorius

469 3218 639 3277 certe
697 3210 998 3276 laudibus
1059 3210 1192 3275 suis
1248 3229 1651 3293 nequaquam
1710 3208 2005 3276 invidens
2066 3230 2177 3275 cur
2234 3211 2536 3276 extremis
2595 3218 2842 3278 tantum
2900 3212 3097 3278 officii
3155 3211 3256 3277 sui
3322 3209 3509 3275 annis
3574 3206 3715 3273 eius

470 3331 681 3418 operis
725 3329 1112 3397 mentionem
1158 3329 1414 3396 fecerit:
1463 3329 1616 3397 item
1663 3329 1832 3414 quod
1876 3350 1958 3397 ex
2002 3330 2146 3416 ipsa
2191 3331 2458 3398 historia
2502 3332 2682 3400 citari
2728 3332 2982 3401 videtur
3025 3331 3364 3418 septimum
3396 3328 3712 3397 decimum

467 3473 737 3537 regnare
782 3451 1251 3535 Athalaricum,
1305 3452 1452 3517 vivo
1498 3451 1897 3516 Theoderico
1941 3451 2032 3518 ita
2076 3453 2268 3519 scribi
2311 3473 2437 3518 non
2484 3454 2726 3520 debuit.
2820 3454 2991 3537 quod
3037 3454 3092 3519 si
3133 3453 3228 3519 ita
3271 3449 3717 3519 Cassiodorius

468 3573 900 3638 narrationem
946 3571 1153 3636 finivit
1195 3573 1398 3637 relato
1444 3572 1621 3637 obitu
1668 3572 2050 3638 Theoderici
2095 3580 2160 3638 et
2203 3573 2608 3640 successione
2652 3575 3137 3657 Athalarici75),
3203 3579 3375 3639 recte
3433 3571 3503 3636 id
3561 3590 3716 3635 con-

467 3694 643 3760 venit
686 3692 1111 3759 Iordanianis.
1205 3713 1355 3757 nam
1399 3713 1524 3758 non
1570 3693 1774 3757 solum
1819 3692 2159 3759 admiratio
2203 3696 2434 3760 summi
2465 3695 2869 3779 Theoderici,
2921 3716 3109 3778 quam
3157 3694 3401 3780 passim
3444 3711 3599 3777 prae
3644 3710 3716 3756 se

468 3815 700 3896 ferunt,
751 3813 1081 3896 ingenium
1113 3813 1405 3879 Iordanis
1435 3814 1627 3897 longe
1673 3812 1943 3895 excedit,
1998 3815 2235 3900 quippe
2280 3816 2388 3898 qui
2431 3816 2574 3901 ipse
2619 3817 2787 3882 ultra
2829 3817 3043 3883 tenuis
3087 3815 3361 3881 hominis
3403 3813 3715 3879 adversus

470 3936 917 4020 imperatorem
976 3934 1085 4017 qui
1140 3954 1308 3999 nunc
1363 3941 1461 3999 est
1519 3933 1871 4017 legitimam
1932 3935 2332 4001 devotionem
2387 3957 2516 4002 non
2571 3938 2890 4023 adspiret,
2958 3936 3073 4004 sed
3130 3937 3323 4003 etiam
3376 3935 3509 4002 stili
3554 3934 3715 4000 Cas-

472 4054 817 4120 siodoriani
861 4062 1036 4120 certa
1077 4054 1321 4119 indicia
1364 4060 1630 4120 eatenus
1677 4052 2261 4139 deprehenduntur.
2354 4057 2446 4124 ita
2505 4058 2571 4122 in
2614 4059 2826 4125 verbis
2871 4079 2928 4124 c.
2979 4064 3081 4140 57,
3137 4062 3261 4122 296
3330 4060 3711 4138 ‘numquam

476 4175 762 4240 ‘Gothus
806 4175 1070 4241 Francis
1114 4175 1330 4256 cessit,
1382 4174 1535 4241 dum
1580 4174 1915 4241 adviveret
1957 4176 2420 4243 Theodoricus’
2468 4178 2844 4244 nominativi
2890 4198 3074 4245 usum
3118 4185 3291 4245 recte
3336 4176 3715 4243 Schirrenus

469 4317 535 4380 p.
593 4302 656 4359 11
715 4295 1122 4362 Cassiodorio
1167 4295 1517 4361 vindicavit
1536 4298 1638 4378 ⁷⁶).
1703 4333 1788 4342 —
1847 4296 2236 4363 Cassiodorii
2295 4298 2521 4383 libros,
2589 4320 2714 4383 quo
2769 4307 3052 4385 tempore
3096 4299 3404 4366 Iordanes
3462 4293 3717 4379 scripsit

470 4416 695 4499 viginti
740 4416 909 4480 circa
951 4416 1138 4481 annis
1184 4423 1328 4501 post
1358 4416 1832 4483 Cassiodorium
1878 4416 2018 4501 ipso
2064 4417 2391 4484 etiamtum
2431 4420 2597 4503 vivo,
2649 4420 2927 4486 nondum
2972 4422 3167 4504 vulgo
3203 4438 3490 4505 sparsos,
3543 4422 3712 4482 certe

467 4536 532 4600 in
579 4535 843 4618 regione
889 4557 969 4602 ea
1010 4536 1077 4601 in
1122 4558 1251 4620 qua
1293 4537 1671 4602 versabatur
1703 4537 2011 4603 Iordanes
2056 4539 2212 4604 alibi
2255 4560 2381 4605 non
2427 4548 2710 4625 repertos
2754 4543 2837 4607 ab
2880 4542 3084 4627 ipsius
3130 4540 3406 4606 auctoris
3452 4538 3714 4623 dispen-

469 4664 678 4722 satore
697 4660 766 4739 ⁷⁷)
822 4656 908 4721 ad
950 4657 1351 4740 triduanam,
1412 4657 1467 4721 si
1513 4657 1757 4740 credis,
1811 4659 2145 4724 lectionem
2193 4660 2314 4724 sibi
2358 4662 2756 4745 procuravit,
2810 4663 2949 4729 sine
2995 4662 3188 4728 dubio
3234 4659 3711 4726 excusationem

471 4777 592 4842 sibi
638 4795 874 4861 parans
918 4776 1231 4842 adversus
1275 4797 1407 4856 eos,
1460 4797 1619 4861 quos
1661 4779 2083 4863 praevidebat
2123 4787 2461 4863 questuros
2505 4802 2649 4849 esse
2694 4782 2774 4848 de
2819 4784 3179 4849 narratione
3217 4779 3717 4849 Cassiodoriana

646 5072 727 5134 75)
771 5072 1025 5120 Vsenerus
1062 5074 1096 5119 l.
1139 5087 1184 5123 c.
1223 5087 1275 5134 p.
1306 5071 1368 5120 73
1407 5087 1523 5120 611111
1559 5075 1842 5122 substitisse
1879 5074 2096 5135 iudicat,
2138 5079 2180 5124 si
2217 5082 2349 5125 recte
2384 5079 2651 5140 intellegO‚
2701 5078 2761 5125 ad
2798 5080 3061 5127 introitum
3099 5079 3391 5128 Theoderici
3427 5079 3479 5124 111
3518 5077 3713 5123 ltaliam

469 5173 514 5207 a.
556 5157 685 5220 489,
740 5164 1000 5221 propterea
1044 5160 1188 5224 quod·
1214 5160 1433 5208 iordanis
1479 5159 1542 5208 de
1588 5162 1773 5222 pugnis
1819 5162 1949 5209 inter
1985 5161 2256 5211 Odoacrum
2308 5171 2359 5212 61
2396 5165 2755 5213 Theodericum
2806 5167 3020 5214 narratio
3069 5167 3364 5214 affinitatem
3412 5164 3561 5211 habet
3597 5175 3710 5209 cum

468 5244 714 5292 chronicis
749 5245 1141 5293 Ravennatibus.
1221 5245 1306 5293 sed
1355 5260 1525 5293 66111111
1571 5259 1851 5308 pugnarum
1890 5251 2220 5297 narrationem
2270 5251 2608 5300 Cassiodorius
2658 5266 2722 5300 ex
2769 5253 2949 5302 iisdem
2997 5253 3240 5301 chronicis
3288 5253 3497 5313 petiisse
3534 5249 3709 5310 probs-

466 5330 571 5378 bile
606 5334 683 5376 est
724 5329 806 5390 (cf.
844 5344 895 5392 p.
938 5331 1199 5392 XXXIX).

644 5415 722 5477 76)
768 5415 1164 5465 Chlodovcchum
1201 5418 1441 5467 Francum
1477 5419 1607 5480 quod
1646 5418 1706 5466 de
1745 5419 2052 5469 Theoderico
2087 5424 2310 5471 scribens
2347 5423 2596 5486 Iordanes,
2637 5427 2824 5486 pariter
2859 5431 3009 5487 atque
3034 5426 3389 5486 Cassiodorius,
3435 5423 3708 5471 Lodoinum

472 5501 695 5563 appellat
728 5502 934 5551 mirifica
971 5510 1022 5551 61
1061 5504 1267 5552 fortasse
1304 5519 1537 5567 perversa
1573 5506 1802 5554 vocabuli
1838 5508 2131 5558 formatione
2174 5511 2254 5572 (cf.
2298 5509 2401 5557 ind.
2444 5513 2596 5572 11613.)
2621 5548 2633 5572 ,
2688 5513 2800 5560 sine
2847 5513 2997 5560 dubio
3045 5527 3108 5560 ex
3154 5512 3248 5561 hoc
3289 5512 3374 5558 ille
3411 5508 3706 5568 adsumpsit.

469 5592 637 5636 contra
672 5589 803 5649 quod
842 5588 1140 5637 Schirrenus
1175 5605 1226 5652 p.
1272 5591 1333 5639 74
1361 5607 1436 5654 sq.
1475 5597 1705 5653 provocat
1740 5593 1798 5640 ad
1840 5594 1965 5642 locos
2001 5594 2062 5642 de
2102 5596 2367 5644 Eutharico
2403 5599 2606 5659 AmalO,
2663 5599 2817 5646 additi
2866 5606 2986 5647 sunt
3022 5601 3060 5646 ii
3097 5599 3301 5661 quidem
3338 5597 3397 5645 ad
3435 5595 3712 5643 successio-

473 5688 584 5722 nem
623 5675 895 5722 Atbalarici
932 5677 1387 5737 commendandam,
1429 5680 1516 5726 sed
1553 5681 1613 5726 ob
1651 5680 1702 5726 id
1740 5681 1908 5742 ipsum
1946 5683 2050 5743 pari
2089 5683 2197 5730 iure
2236 5684 2346 5728 vivo
2385 5684 2684 5732 Tbeoderico
2721 5686 2868 5732 scribi
2905 5692 3198 5746 potuerunt.

643 5761 723 5822 77)
767 5762 917 5810 Servo
952 5763 1160 5811 scilicet.
1237 5777 1352 5811 eum
1392 5765 1685 5813 Schirrenus
1723 5782 1771 5828 p.
1803 5767 1867 5814 93
1907 5782 2005 5815 11011
2044 5770 2222 5816 11611616
2258 5770 2434 5818 debuit
2472 5785 2559 5832 pro
2596 5773 2810 5818 Castalio
2845 5773 3187 5833 dispensatore
3223 5771 3473 5834 pontificis
3511 5769 3709 5827 vigilii.

622 5860 864 5901 luamus.
2114 5911 2131 5922 ἢ
3287 5873 3313 5926 s
