4882 6775
162 864 224 905 et.
259 876 308 906 e.
340 866 432 909 182.
464 866 539 907 iss

382 1069 486 1110 Bur.
515 1073 541 1111 5

380 1687 485 1728 Rus.
516 1690 539 1729 7

375 2923 483 2963 Rus.
514 2926 539 2964 S

2017 459 2358 519 Rouana.
3732 452 3833 524 27'

561 650 964 717 Mauretania
1005 649 1309 716 Romanis
1374 649 1664 714 subacta.
1757 648 2038 733 Tripolis
2097 668 2374 731 namque
2432 656 2498 715 et
2539 655 2847 733 utraeque
2891 649 3335 717 Maurataniae
3381 649 3706 717 Sitifensis
3753 656 3819 715 et

563 752 1007 821 Caesariensis
1052 752 1347 819 similiter
1389 753 1674 818 Romano
1718 751 1901 817 iurae
1920 803 1935 833 ,
1989 758 2341 817 ceterorum
2385 751 2726 817 formidine
2770 752 2958 833 tacti,
3013 753 3178 818 ultro
3224 772 3296 819 se
3341 752 3755 836 subegerunt.

741 856 1022 940 Spanias
1066 855 1396 939 quamvis,
1449 861 1520 921 ut
1562 853 1858 939 superius
1902 853 2219 934 diximus,
2271 854 2632 937 Saguntina
2675 854 2880 920 cladis
2923 855 3006 920 ab
3051 853 3351 921 amicitiis
3397 856 3823 921 Romanorum
3861 855 3985 915 212

565 964 1008 1043 segregasset,
1074 957 1289 1043 Scipio
1345 963 1562 1022 tamen
1622 977 1735 1023 eos
1792 963 1923 1022 tam
1982 957 2193 1041 gratia
2246 978 2440 1041 quam
2485 957 2718 1022 virtute
2763 975 2983 1023 rursus
3029 958 3335 1024 Romanis
3378 957 3747 1024 coniuncxit
3795 958 3818 1045 ΙΙ

567 1081 916 1146 rursusque
970 1060 1419 1127 resistentibus
1479 1060 1666 1143 Sylla
1724 1061 1947 1125 consul
2005 1059 2260 1127 sedavit
2280 1062 2353 1141 ¹).
2449 1060 2806 1127 Celtiberes
2862 1060 3159 1126 similiter
3215 1080 3359 1127 cum
3410 1060 3824 1127 Numantinis

566 1165 881 1231 adversus
924 1165 1244 1229 Romanos
1286 1162 1697 1246 insurgentes
1742 1162 1958 1247 Scipio
2009 1162 2221 1228 iunior
2265 1161 2554 1245 sedavit,
2621 1163 2993 1246 conpescuit
3033 1170 3226 1246 atque
3271 1183 3439 1247 pene
3481 1164 3818 1230 subvertit.

3864 1079 3889 1119 5

567 1267 875 1335 Cantabri
933 1272 999 1332 et
1042 1266 1310 1332 Astures
1371 1264 1597 1331 confisi
1640 1265 1947 1330 montium
1995 1284 2249 1331 suorum
2296 1265 2648 1331 munimine
2693 1265 2845 1330 dum
2889 1266 3190 1332 resistere
3235 1266 3617 1349 moliuntur,
3681 1266 3824 1351 ple-
3860 1266 3984 1327 213

565 1370 833 1436 nissime
877 1367 1169 1435 demoliti
1212 1372 1363 1433 sunt
1407 1375 1471 1433 et
1511 1367 1579 1431 in
1622 1367 2015 1452 provinciam
2060 1368 2340 1450 redacti,
2406 1369 2932 1435 Tarraconenses
2976 1369 3268 1453 Lysitani
3314 1369 3574 1434 Gallicii
3619 1369 3825 1436 Char-

565 1472 857 1557 taginisii
922 1478 988 1538 et
1044 1471 1406 1538 Seticaniae
1472 1477 1692 1534 contra
1749 1470 2248 1554 promuntorium
2313 1470 2574 1536 Africae
2640 1470 2803 1536 sitae
2870 1490 3092 1547 omnes
3130 1476 3285 1537 'uno
3348 1491 3514 1556 pene
3579 1471 3824 1556 proelio

567 1581 908 1660 superatae
953 1582 1017 1640 et
1059 1574 1126 1639 in
1170 1573 1531 1658 provincias
1577 1572 1898 1637 Romanas
1944 1571 2304 1657 descriptae
2350 1574 2587 1652 sunt2).

3864 1592 3921 1633 10

739 1679 1098 1763 Epyrotae,
1164 1677 1274 1760 qui
1317 1674 1595 1759 Inlyrico
1614 1726 1629 1756 ,
1698 1675 1991 1757 quamvis
2051 1696 2195 1740 cum
2241 1676 2487 1759 Pyrrho
2539 1696 2693 1759 rege
2738 1695 2854 1741 suo
2901 1682 3119 1741 contra
3161 1676 3415 1743 Italiam
3462 1676 3825 1761 conspiras-
3860 1677 3985 1737 214

564 1786 744 1859 sent,
796 1788 1012 1847 tamen
1057 1778 1332 1863 primum
1379 1798 1539 1863 pace
1584 1778 1813 1843 molliti
1835 1830 1849 1857 ,
1903 1778 2185 1843 secundo
2232 1785 2298 1844 et
2341 1778 2529 1844 tertio
2573 1779 2963 1845 rebellantes
3008 1799 3152 1844 cum
3195 1780 3462 1844 Achivis
3506 1786 3571 1845 et
3614 1779 3823 1845 Thes-

564 1884 748 1949 saliis
794 1882 1058 1949 edomiti
1103 1884 1389 1947 Romano
1433 1881 1585 1964 iugo
1631 1880 1879 1946 subacti
1924 1888 2092 1946 sunt.
2186 1881 2569 1948 Macedonia
2618 1901 2896 1963 namque
2940 1880 3212 1965 primum
3257 1880 3378 1947 sub
3421 1881 3814 1968 Philippum,
3860 1883 3984 1944 215

561 1985 797 2052 deinde
855 1985 976 2051 sub
1037 1985 1272 2050 Perseo
1295 2037 1310 2067 ,
1374 1984 1559 2049 tertio
1628 1984 1748 2049 sub
1794 1984 2338 2069 Pseudophilippo
2406 2004 2589 2049 arma
2654 1989 2876 2051 contra
2940 2003 3011 2051 se
3077 1984 3450 2069 provocavit
3475 2006 3479 2010 '
3505 1986 3813 2065 Romana,

562 2107 996 2173 oppressaque
1041 2087 1243 2172 primo
1289 2107 1330 2151 a
1371 2086 1756 2151 Flamminio
1802 2087 2061 2151 consule
2081 2091 2156 2165 ³),
2209 2087 2492 2152 secundo
2536 2107 2578 2151 a
2621 2087 2847 2167 Paulo,
2896 2087 3084 2153 tertio
3127 2108 3169 2152 a
3211 2088 3474 2153 Metello
3519 2093 3822 2172 superata

3863 2105 3922 2146 ¹5

562 2192 730 2257 colla
787 2190 1084 2259 submisit
1136 2191 1552 2272 Romanaque
1612 2188 1939 2273 provincia
1996 2188 2192 2256 facta.
2301 2189 2594 2274 Illyriam
2645 2197 2862 2255 autem
2921 2189 3235 2257 Gentione
3294 2210 3410 2256 suo
3470 2210 3623 2273 rege
3684 2190 3824 2257 Ma·
3860 2192 3986 2252 216

562 2294 914 2360 cedonibus
969 2292 1432 2359 auxiliantibus
1490 2290 1643 2357 vicit
1686 2292 2112 2356 Romanorum
2161 2292 2397 2357 Lucius
2456 2298 2713 2377 praetor
2771 2299 2837 2358 et
2889 2292 2958 2357 in
3017 2292 3410 2377 provinciam
3470 2292 3726 2375 redegit
3740 2294 3816 2374 ⁴).

563 2396 900 2462 Dardanos
945 2397 1291 2479 Mysosque
1337 2394 1571 2462 Curion
1617 2394 1889 2478 primum
1936 2395 2274 2478 proconsul
2321 2394 2607 2461 edomuit
2650 2395 3022 2479 primusque
3065 2396 3347 2461 omnium
3392 2396 3818 2461 Romanorum

565 2499 928 2565 Danubium
987 2519 1241 2564 amnem
1304 2517 1505 2580 usque
1564 2496 1889 2581 profectus
1949 2505 2177 2563 cuncta
2235 2498 2376 2564 eius
2422 2499 2565 2563 loca
2608 2498 2909 2563 vastavit.
3003 2498 3378 2563 Pannonum
3423 2518 3674 2582 quoque
3719 2518 3822 2564 re·

561 2623 709 2685 gem
768 2602 836 2667 in
895 2600 1241 2668 certamine
1300 2619 1613 2684 superans
1656 2598 1830 2665 idem
1884 2600 2119 2665 Lucius
2164 2599 2415 2683 redegit
2460 2601 2526 2664 in
2571 2599 2963 2685 provinciam
3009 2606 3310 2683 utrasque
3355 2602 3719 2667 Pannonias
3738 2604 3811 2684 ⁵).
3859 2617 3921 2660 ιο

560 2704 941 2770 Amantinos
983 2711 1220 2785 autem,
1273 2702 1384 2788 qui
1425 2702 1596 2767 inter
1640 2702 1838 2768 Saum
1883 2702 2251 2785 Draumque
2295 2702 2563 2769 flumina
2604 2702 2925 2785 insident,
2977 2722 3132 2786 rege
3177 2724 3396 2771 eorum
3440 2704 3820 2788 interempto

560 2809 706 2893 ipsa
747 2808 888 2874 vice
932 2808 1287 2872 Romanam
1330 2805 1485 2871 fecit
1527 2805 1920 2890 provinciam
1940 2808 1982 2887 ⁶)
2003 2855 2017 2870 .

733 2909 1170 2976 Marcomanni
1226 2928 1503 2990 namque
1563 2915 1628 2974 et
1685 2908 1897 2987 Quadi
1954 2909 2022 2974 in
2080 2908 2198 2973 illa
2254 2908 2517 2975 Valeria
2537 2959 2551 2986 ‚
2613 2928 2741 2993 que
2800 2908 2968 2975 inter
3024 2908 3268 2974 Draum
3328 2908 3823 2993 Danubiumque
3859 2910 3981 2972 217

560 3013 925 3095 interiacet,
990 3012 1073 3078 ab
1132 3011 1359 3077 eodem
1415 3018 1568 3076 tunc
1620 3009 1882 3076 ductore
1940 3010 2233 3095 oppressi
2293 3010 2583 3095 finesque
2641 3011 2810 3077 inter
2853 3012 3173 3077 Romanos
3225 3019 3291 3078 et
3331 3012 3640 3078 barbaros
3684 3013 3820 3079 Au-

559 3122 784 3199 gustas
828 3114 1135 3180 Vindicas
1154 3118 1199 3197 ⁷)
1267 3133 1383 3198 per
1424 3113 1726 3178 Noricum
1773 3113 2211 3195 Moesiamque
2271 3113 2648 3198 dispositae.
2742 3114 2955 3180 Daces
3012 3121 3229 3181 autem
3285 3122 3434 3199 post
3485 3115 3648 3181 haec
3688 3116 3818 3181 iam
3858 3132 3922 3174 2⁵

561 3219 681 3284 sub
737 3217 1011 3301 imperio
1071 3236 1188 3281 suo
1229 3215 1548 3281 Traianus
1568 3267 1583 3298 ,
1645 3215 1970 3280 Decebalo
2023 3236 2242 3282 eorum
2288 3236 2443 3299 rege
2489 3216 2745 3282 devicto
2766 3268 2781 3298 ,
2847 3216 2913 3282 in
2958 3222 3162 3283 terras
3208 3218 3383 3286 ultra
3424 3218 3814 3301 Danubium,

561 3340 728 3403 quae
795 3320 1036 3385 habent
1099 3317 1277 3384 mille
1344 3317 1524 3383 milia
1591 3316 1801 3402 spatia
1822 3323 1891 3400 8),
1964 3318 2032 3384 in
2098 3318 2493 3402 provinciam
2552 3318 2826 3403 redegit.
2921 3318 3039 3385 sed
3097 3318 3436 3386 Gallienus
3494 3340 3608 3386 eos
3667 3320 3817 3386 dum

560 3429 860 3507 regnaret
902 3422 1121 3494 amisit
1161 3421 1676 3503 Aurelianusque
1721 3421 2066 3506 imperator
2110 3423 2394 3488 evocatis
2440 3421 2675 3488 exinde
2720 3422 3083 3506 legionibus
3141 3423 3208 3488 in
3253 3422 3467 3507 Mysia
3523 3424 3822 3490 conloca-

731 3719 785 3764 Η
809 3718 854 3766 P
885 3719 925 3767 V
949 3717 992 3763 L
1024 3715 1164 3776 (redit
1214 3715 1274 3765 10
1312 3719 1364 3762 et
1400 3716 1454 3761 in
1492 3716 1809 3775 provincias&
1875 3713 2051 3775 Geoyr.
2085 3715 2210 3764 Rav.
2242 3719 2292 3775 A,
2322 3719 2382 3763 21
2419 3732 2473 3777 p.
2505 3717 2623 3776 221,
2659 3720 2680 3763 1
2721 3716 2787 3764 ad
2823 3733 2871 3766 v.
2903 3715 2995 3765 23:
3041 3718 3290 3766 Valeriam
3328 3718 3595 3779 aliquando
3631 3717 3820 3765 Marco-

561 3816 854 3851 mannorum
898 3804 1192 3865 (aliquantas
1229 3800 1666 3848 domarcannornm
1705 3799 1829 3860 libri)
1875 3814 1997 3859 gens
2035 3803 2284 3860 obtinuit,
2338 3803 2474 3849 sicut
2510 3807 2722 3850 testatur
2761 3840 2772 3851 .
2805 3838 2818 3850 .
2852 3839 2864 3851 .
2908 3803 3128 3851 Iordanis
3165 3804 3574 3865 sapientissimus
3609 3805 3818 3852 chrono-

562 3889 795 3951 graphus.
835 3914 904 3923 —
942 3886 1076 3936 Mur.
1114 3900 1166 3948 p.
1198 3885 1328 3934 233⁰
1362 3902 1412 3935 υ.
1448 3884 1508 3933 16
1542 3898 1815 3946 -manaque
1851 3887 2123 3948 provincia.

733 4024 765 4073 2
801 4020 965 4089 turae]
1000 4022 1112 4083 ΗΡ,
1155 4025 1264 4071 inre
1311 4023 1350 4071 V
1553 4021 1586 4070 4
1623 4028 1950 4083 segressasset
1987 4024 2038 4069 H
2262 4021 2293 4072 8
2330 4025 2591 4086 prouincia
2629 4024 2722 4074 PV
2924 4027 3280 4075 tharoenenses
3317 4026 3426 4086 PV,
3466 4027 3818 4080 tharcanenses

561 4111 613 4158 H
842 4106 1072 4177 lysitani]
1110 4109 1255 4156 HPV
1491 4107 1523 4156 9
1561 4104 1851 4174 seticaniae]
1888 4111 2157 4169 requiritur
2193 4110 2448 4157 Baeticani
2695 4109 2757 4159 10
2795 4111 3045 4174 descripta
3083 4113 3124 4160 L
3358 4111 3420 4161 12
3457 4115 3666 4174 primam
3704 4113 3748 4160 L

560 4197 732 4245 achius
771 4196 814 4243 L
1021 4189 1299 4260 thessaliis]
1334 4194 1494 4255 HPV,
1545 4195 1795 4243 thessalus
1831 4194 1876 4241 L
2113 4193 2173 4242 13
2211 4191 2456 4261 primum]
2493 4210 2581 4257 per
2615 4198 2833 4258 primum
2871 4198 2915 4245 L
3122 4199 3217 4247 sub
3253 4196 3570 4265 philippum]
3607 4200 3816 4260 folipem

565 4282 695 4343 (inde
731 4282 922 4342 facium
957 4281 1051 4328 sub
1088 4281 1337 4342 filippum)
1381 4280 1425 4327 L
1637 4279 1696 4328 14
1734 4276 2181 4347 pseudophilippo]
2216 4283 2626 4345 perseophilippo
2662 4283 2706 4330 L
2912 4290 3178 4345 prouocant
3204 4284 3248 4331 L
3459 4282 3519 4332 15
3557 4297 3821 4345 oppressa·

559 4362 682 4433 que]
720 4380 958 4428 oppressa
992 4367 1079 4428 qui
1117 4365 1162 4412 L
1351 4389 1356 4398 ·
1391 4361 1689 4430 flamminio]
1725 4364 1834 4424 ΗΡ,
1876 4367 2155 4414 flamininio
2193 4366 2252 4429 L,
2296 4368 2515 4416 flaminio
2559 4369 2601 4415 V
2829 4369 3028 4417 matello
3062 4367 3207 4415 HPV
3440 4368 3500 4419 18
3538 4371 3818 4431 missosque

561 4452 672 4500 libri
685 4468 702 4498 .-
743 4451 1013 4500 Moesiacos
1048 4449 1218 4510 Rufus
1448 4451 1654 4498 cui-ion*
1694 4451 1748 4496 H
1972 4453 2157 4513 primul
2196 4452 2236 4498 L
2475 4451 2534 4500 19
2571 4453 2677 4500 loca
2713 4454 2825 4502 eius
2862 4453 2906 4500 L
3140 4452 3205 4502 22
3243 4468 3445 4502 romana
3481 4456 3518 4503 s.
3559 4455 3818 4516 prouincia

561 4536 708 4584 HPV
911 4536 974 4586 23
1013 4533 1370 4602 marcomanni]
1408 4536 1511 4596 PL,
1553 4538 1936 4584 marcommanni
1975 4538 2078 4583 HV
2279 4539 2413 4585 inter
2449 4535 2651 4606 draum]
2689 4541 2820 4586 intra
2855 4537 2926 4586 Ι]
3134 4537 3200 4587 27
3237 4541 3419 4600 redigit
3465 4541 3506 4587 V
3708 4542 3816 4600 gal-

562 4623 720 4671 lienos
757 4622 874 4683 HV,
914 4622 1183 4681 galliaenos
1221 4621 1267 4668 P
1471 4635 1553 4670 eos
1591 4618 1736 4689 dum]
1774 4623 1972 4671 easdem
2012 4622 2055 4669 L
2262 4622 2328 4672 28
2364 4620 2488 4689 que]
2525 4637 2722 4686 quoque
2758 4624 2802 4671 L
3011 4622 3190 4693 mysia]
3225 4626 3385 4689 HPV,
3427 4626 3624 4674 misiam
3663 4626 3707 4673 L

740 4879 781 4939 1)
825 4885 996 4942 postea
1020 4879 1080 4926 ad
1105 4879 1356 4940 Hispanos
1383 4879 1754 4927 tumultuantes
1782 4878 1918 4937 Sylla
1941 4881 2128 4928 missus
2151 4892 2236 4928 eos
2261 4883 2389 4928 vicit
2423 4879 2597 4940 Rufus
2614 4897 2630 4926 .·
2668 4882 2884 4941 intellegat·
2912 4880 3110 4930 videtur
3134 4881 3205 4932 M.
3233 4882 3444 4931 Silanus
3468 4883 3580 4933 Ltv.
3612 4885 3693 4944 26,
3730 4886 3811 4933 19.

733 4965 780 5026 2)
829 4979 919 5027 per
953 4978 1126 5013 omnes
1163 4965 1439 5026 Hispanias
1475 4979 1564 5013 sex
1603 4979 1737 5013 nunc
1774 4971 1897 5015 sunt
1931 4967 2243 5027 provinciae:
2288 4966 2694 5027 Tarraconensis,
2734 4966 3178 5028 Carthaginiensis,
3224 4970 3501 5029 Lusitania,
3543 4970 3809 5031 Gallaecia,

563 5050 775 5110 Baetica,
817 5055 958 5098 trans
994 5051 1179 5099 fretum
1221 5085 1234 5098 .
1267 5084 1278 5097 .
1313 5086 1324 5099 .
1366 5050 1637 5110 Tingitana
1671 5050 1984 5098 Mauretania
2020 5049 2208 5109 Rufus.

734 5135 784 5196 3)
827 5136 1116 5197 Philippum
1153 5134 1466 5184 Flamininus
1507 5173 1519 5184 .
1550 5169 1562 5183 .
1598 5171 1610 5185 .
1650 5137 1898 5197 oppressit
1932 5135 2123 5195 Rufus.

733 5220 784 5282 4)
827 5221 1023 5280 Illyrios
1059 5221 1150 5282 qui
1187 5219 1542 5268 Macedonibus
1577 5221 1822 5268 auxilium
1862 5221 2092 5269 tulerunt
2131 5257 2143 5270 .
2177 5258 2189 5270 .
2224 5258 2238 5271 .
2278 5236 2370 5284 per
2407 5223 2620 5270 Lucium
2657 5223 2874 5271 Annium
2910 5228 3183 5286 praetorem
3220 5224 3433 5273 vicimus
3481 5230 3535 5276 et
3580 5238 3664 5274 eos
3700 5240 3813 5273 cum

562 5321 678 5368 rege
715 5307 899 5356 Gentio
935 5308 991 5354 in
1026 5306 1332 5354 deditionem
1368 5306 1653 5367 accepimus
1690 5305 1874 5365 Rufius.

735 5392 782 5454 5)
827 5392 1013 5441 Batone
1052 5392 1423 5440 Pannoniorum
1459 5404 1573 5450 rege
1608 5393 1814 5442 subacto
1849 5393 1901 5440 in
1939 5394 2183 5442 dicionem
2221 5399 2439 5443 nostram
2478 5395 2762 5443 Pannoniae
2798 5400 3045 5443 venerunt
3080 5395 3266 5456 Rufus.

733 5477 781 5538 6)
828 5478 1118 5525 Amantinis
1153 5478 1291 5524 inter
1325 5476 1509 5526 Savum
1547 5482 1597 5525 et
1622 5478 1839 5525 Dravum
1876 5481 2137 5539 prostratis
2174 5481 2308 5540 regio
2333 5479 2589 5528 saviensis
2626 5495 2680 5528 ac
2715 5480 3047 5529 secundorum
3084 5482 3186 5529 loca
3209 5481 3576 5530 Pannoniorum
3612 5485 3813 5532 obtenta

561 5568 683 5611 sunt
719 5561 909 5620 Rufus.

735 5648 781 5710 7)
826 5649 889 5696 ab
925 5649 1155 5708 Augusta
1195 5649 1290 5709 (vel
1325 5649 1588 5711 Augustis)
1633 5648 1950 5698 Vindelicum
1985 5649 2169 5708 Rufus.

735 5733 781 5794 8)
826 5747 953 5795 quae
986 5735 1040 5781 in
1078 5735 1288 5782 circuitu
1327 5734 1508 5782 habuit
1542 5735 1710 5782 decies
1745 5740 1959 5782 centena
1995 5736 2135 5782 milia
2170 5748 2412 5796 passuum
2450 5734 2637 5795 Rufus.
