4882 6775
1882 499 2342 555 PROOEMIVM.
3521 496 3747 561 XXXI

489 733 590 790 tra
648 731 877 790 testem
940 731 1205 806 utroque
1265 726 1458 807 longe
1506 723 1715 807 magis
1760 724 2059 790 idoneum
2106 724 2560 790 Philostratum
2607 724 2671 787 in
2718 722 2852 787 vita
2895 721 3122 787 Dionis
3169 721 3610 805 Chrysostomi
3655 720 3748 785 sic

493 844 876 910 scribentem
932 844 1064 926 (vit.
1116 845 1299 929 soph.
1360 850 1416 925 1,
1470 850 1504 908 7
1554 866 1620 929 p.
1673 847 1862 928 4873:
1933 841 2013 918 ὡς
2060 844 2127 909 δὲ
2171 841 2272 908 καὶ
2320 845 2581 931 ἱστορίαν
2634 839 2832 915 ἱκανὸς
2879 834 2951 928 ἧν
2999 836 3389 927 ξυγγράφειν,
3456 843 3631 926 δηλοῖ
3674 837 3748 904 τὰ

496 961 745 1030 Γετικά·
812 962 914 1028 καὶ
972 961 1088 1051 γὰρ
1150 960 1223 1049 δὴ
1286 962 1390 1029 καὶ
1450 966 1510 1037 ἐς
1559 964 1741 1038 Γέτας
1800 958 2024 1051 ἦλθεν,
2092 960 2268 1030 ὁπότε
2319 961 2545 1049 ἠλᾶτο,
2607 984 2757 1029 nam
2823 958 3319 1050 Βορυσθενιτικὸν
3375 960 3748 1045 inscriptam

492 1085 845 1150 orationem
904 1084 1283 1168 intellegere
1341 1105 1467 1150 non
1513 1084 1718 1170 potuit
1760 1085 1950 1151 homo
1994 1085 2258 1150 minime
2301 1084 2658 1168 imperitus.
2751 1084 2947 1149 index
2993 1083 3207 1167 operis
3252 1082 3506 1148 videtur
3550 1080 3750 1147 fuisse

499 1202 709 1270 Γετικὰ
771 1200 1006 1287 ἐνόὸια,
1079 1204 1148 1270 id
1204 1212 1302 1271 est
1359 1204 1589 1271 Getica
1648 1205 1919 1271 collecta
1972 1206 2040 1270 in
2098 1204 2350 1270 itinere.
2462 1224 2542 1269 ex
2603 1204 2682 1269 iis
2742 1202 3221 1270 Cassiodorium
3279 1201 3752 1268 Cassiodoriive

496 1333 817 1391 auctorem
873 1325 1207 1410 probabile
1266 1331 1364 1391 est
1419 1331 1483 1391 et
1542 1326 1675 1391 alia
1733 1325 2032 1391 hausisse
2085 1331 2151 1391 et
2202 1324 2414 1390 locum
2460 1324 2952 1409 Thucydideum
3012 1324 3092 1389 de
3140 1322 3382 1388 Sitalce
3456 1322 3558 1405 (cf.
3609 1320 3743 1387 ind.

496 1465 665 1532 pers.
721 1466 776 1511 s.
824 1447 949 1529 v.).

671 1566 789 1631 IX.
851 1566 1246 1632 Conunmvs
1318 1568 1653 1649 [TAcffvs]
1730 1565 2093 1631 ‘annalium
2156 1564 2451 1650 scriptor’
2514 1585 2570 1631 c.
2623 1569 2684 1647 2,
2746 1569 2820 1629 13
2868 1564 3099 1630 citatur
3143 1563 3496 1647 eodemque
3542 1562 3750 1648 capite
3778 1573 3963 1616 Tacitus

498 1684 581 1751 de
626 1686 961 1752 Britannia
1017 1685 1264 1771 passim
1322 1686 1695 1767 adhibetur,
1766 1685 1882 1752 sed
1925 1684 2230 1768 Agricola
2288 1687 2496 1769 solus,
2564 1706 2688 1751 non
2733 1685 3032 1765 annales,
3101 1691 3407 1768 quantum
3453 1690 3745 1768 apparet.

498 1806 787 1872 eiusdem
854 1809 1064 1872 locum
1130 1806 1211 1872 de
1280 1806 1500 1872 sucino
1561 1807 1802 1890 (Germ.
1841 1808 1942 1890 45)
2018 1806 2174 1871 item
2240 1807 2375 1872 sub.
2416 1806 2698 1873 Cornelii
2764 1805 3021 1871 nomine
3087 1803 3245 1869 citat
3303 1803 3750 1872 Cassiodorius

500 1946 640 1990 var.
691 1929 749 2006 5,
806 1929 869 1992 2.

669 2047 755 2111 X.
814 2047 1124 2113 CLAvmo
1170 2048 1589 2112 P'roLEMAEO
1655 2047 1829 2114 ‘orbi
1873 2053 2082 2114 terrae
2128 2047 2501 2132 descriptori
2546 2046 2834 2131 egregio'
2894 2052 3197 2130 acceptus
3257 2044 3529 2111 refertur
3572 2045 3751 2110 locus
3778 2058 3878 2100 Pt01
3881 2069 4059 2100 ooooo

497 2186 554 2230 c.
608 2169 667 2248 3,
726 2169 976 2231 16—19
1039 2167 1120 2233 de
1179 2168 1479 2234 Scandia.
1576 2169 1886 2250 eundem,
1962 2168 2192 2234 Latine
2248 2175 2400 2252 puto
2459 2166 2848 2249 redditum„
2879 2165 3328 2233 Cassiodorius
3397 2165 3564 2249 (inst.
3618 2165 3747 2229 div.

497 2286 622 2351 litt.
675 2306 731 2352 c.
784 2290 884 2370 25)
938 2287 1005 2351 in
1048 2286 1437 2354 bibliotheca
1481 2288 1853 2354 monasterii
1899 2289 2000 2354 sui
2042 2287 2124 2354 iis
2169 2286 2464 2372 exponit,
2532 2307 2695 2370 quos
2748 2286 3046 2353 ‘notitiae
3092 2286 3327 2353 nobilis
3374 2306 3526 2351 cura
3568 2284 3755 2349 flam-

509 2407 862 2472 ‘maverit'.

668 2528 787 2592 XI.
845 2528 1175 2610 [ch‘rxls]
1228 2528 1295 2593 in
1341 2528 1566 2594 fabula
1611 2528 1692 2594 de
1739 2530 2028 2614 Telepho
2074 2550 2127 2594 c.
2182 2533 2220 2592 9
2268 2536 2488 2595 auctor
2530 2528 2828 2594 adhibuit
2872 2549 2998 2594 non
3042 2548 3234 2610 quam
3279 2546 3397 2592 nos
3441 2527 3755 2592 habemus
3783 2541 3936 2593 Dictys

500 2648 796 2714 Latinam
843 2648 1450 2733 interpretationem,
1504 2647 1622 2714 sed
1664 2648 1875 2733 ipsum
1908 2650 2328 2735 archetypum
2360 2650 2678 2715 Graecum
2711 2648 3114 2741 deperditum
3159 2648 3239 2731 (v.
3274 2668 3341 2731 p.
3379 2650 3453 2711 71
3492 2654 3622 2713 not.
3665 2651 3752 2731 1).

674 2768 827 2833 XII.
901 2768 1183 2852 [Somm]
1254 2769 1649 2835 collectanea
1694 2769 2140 2836 Cassiodorius
2196 2769 2342 2855 ipsa
2399 2769 2776 2836 adhibuisse
2836 2791 2962 2835 non
3019 2767 3308 2851 videtur,
3374 2787 3757 2851 quamquam
3788 2782 3969 2824 Solinus

500 2887 623 2953 loci
669 2887 931 2970 quidam
989 2892 1064 2972 (c.
1116 2894 1176 2971 5,
1231 2894 1335 2954 46.
1405 2893 1465 2972 7,
1520 2892 1796 2974 53-55)
1862 2889 2038 2975 apud
2097 2897 2433 2973 utrumque
2490 2891 2792 2974 leguntur
2849 2890 2944 2955 ita
3002 2888 3274 2971 similia,
3342 2894 3412 2952 ut
3463 2887 3545 2953 de
3590 2908 3763 2953 com-

499 3008 677 3073 muni
732 3015 991 3074 auctore
1051 3009 1334 3076 dubitari
1378 3016 1673 3093 nequeat.
1768 3010 2147 3077 crediderim
2194 3032 2274 3077 ex
2320 3009 2547 3077 eadem
2597 3010 3062 3095 chorographia
3107 3030 3251 3075 cum
3295 3008 3612 3093 originum
3659 3028 3760 3074 re-

498 3149 636 3193 rum
699 3128 1084 3195 mirabilium
1144 3129 1545 3196 enarratione
1606 3129 1979 3213 coniuncta,
2044 3151 2125 3197 ex
2184 3152 2313 3215 qua
2356 3150 2476 3196 sua
2519 3131 2780 3197 Solinus
2822 3130 3216 3215 adsumpsit,
3284 3128 3757 3196 Cassiodorium

500 3248 963 3333 descriptiones
1008 3250 1288 3316 locorum
1331 3250 1651 3334 hausisse,
1703 3251 1935 3335 quibus
1980 3272 2191 3317 rerum
2236 3252 2669 3317 narrationem
2713 3257 2826 3316 aut
2869 3257 3053 3317 ornat
3095 3257 3206 3316 aut
3249 3258 3494 3317 onerat.

678 3369 864 3434 XIII.
924 3368 1046 3453 [Ad
1091 3390 1371 3436 MAPPAM
1417 3374 1975 3456 GEOGRAPfflCAM]
2040 3372 2312 3439 redeunt
2369 3372 2494 3439 loci
2538 3370 2904 3438 Geticorum
2961 3371 3202 3456 figuras
3247 3371 3474 3455 quales
3520 3393 3756 3457 mappa
3783 3368 3940 3473 ffffilff
3967 3378 4146 3421 8⁰⁰⁸¹⁸·

504 3489 805 3556 ostendat
848 3490 1285 3557 describentes
1304 3495 1406 3574 ⁵⁶).
1486 3491 1578 3557 ita
1624 3512 1679 3557 c.
1719 3497 1777 3574 5,
1818 3498 1897 3557 30
1945 3492 2318 3579 depingitur
2362 3492 2629 3578 Scythia
2673 3493 2886 3559 verbis
2931 3492 3067 3557 his:
3126 3492 3227 3557 ‘in
3272 3491 3530 3558 modum
3577 3491 3759 3574 fungi

516 3610 823 3695 ‘primum
883 3611 1128 3692 tenuiS,
1194 3619 1338 3696 post
1379 3612 1542 3679 haec
1586 3612 1903 3678 latissima
1948 3587 2013 3679 et
2055 3613 2330 3680 rotunda
2373 3613 2580 3679 forma
2623 3613 2903 3679 exoritur
2950 3663 2964 3676 .
3009 3662 3024 3677 .
3066 3662 3081 3677 .
3132 3613 3327 3695 longe
3373 3632 3443 3678 se
3486 3611 3760 3678 tendens

515 3731 805 3814 ‘lateque
864 3732 1219 3817 aperiens’,
1295 3732 1450 3798 item
1507 3753 1561 3798 c.
1616 3737 1731 3813 50,
1785 3736 1945 3797 264:
2036 3732 2406 3800 ‘Pannonia
2462 3733 2531 3798 in
2591 3734 2780 3817 longo
2838 3738 3130 3818 porrecta
3184 3732 3506 3817 planitie’.
3604 3733 3758 3798 item

507 3872 563 3917 c.
626 3848 876 3935 12,'75:
937 3852 1309 3918 ‘Danuvius
1357 3904 1371 3918 .
1417 3902 1432 3916 .
1473 3902 1488 3917 .
1540 3852 1881 3937 sexaginta
1930 3904 1945 3919 .
1988 3903 2002 3918 .
2044 3904 2059 3918 .
2109 3854 2260 3919 hinc
2303 3853 2454 3919 inde
2501 3852 2858 3938 suscipiens
2902 3852 3167 3918 flumina
3210 3853 3279 3918 in
3323 3853 3578 3919 modum
3625 3852 3763 3937 spi-

517 3975 694 4056 ‘nae,
746 3992 933 4056 quem
980 3980 1191 4038 costas
1237 3979 1305 4039 ut
1351 3979 1590 4040 cratem
1632 3972 1979 4039 intexunt’.
2074 3975 2226 4040 item
2258 3994 2315 4039 c.
2354 3977 2414 4056 3,
2459 3977 2570 4037 16:
2633 3973 2881 4039 ‘insula
2914 3994 3151 4058 magna
3180 3973 3437 4039 nomine
3468 3972 3764 4039 Scandza

515 4091 612 4156 ‘in
671 4092 929 4158 modum
991 4093 1129 4159 folii
1191 4092 1329 4160 citri
1388 4093 1697 4160 lateribus
1756 4093 1987 4179 pandis
2030 4114 2147 4180 per
2190 4095 2448 4179 longum
2494 4093 2688 4160 ducta
2733 4094 3121 4160 concludens
3167 4097 3292 4161 se'.
3388 4114 3468 4159 ea
3511 4114 3760 4177 quoque

508 4233 672 4295 quae
729 4221 1080 4297 sequuntur
1135 4213 1215 4280 de
1276 4213 1456 4280 ostiis
1512 4212 1849 4280 fluviorum
1894 4214 2185 4281 Vistulae
2231 4222 2295 4281 et
2337 4216 2505 4299 Vagi
2550 4214 2636 4280 ad
2681 4235 2980 4300 mappam
3028 4214 3353 4299 descripta
3396 4213 3602 4279 videri
3646 4214 3764 4279 ob-

510 4334 791 4400 servavit
834 4334 1255 4399 Muellenhoff
1290 4336 1614 4399 Weltlcarte
1659 4337 1764 4399 des
1794 4333 2107 4420 Auqustus
2151 4357 2217 4420 p.
2256 4338 2459 4419 31⁵⁷).
2555 4335 2748 4401 etiam
2795 4355 3096 4402 recensus
3140 4335 3492 4401 insularum
3540 4334 3764 4400 oceani

511 4452 717 4519 Indici
764 4475 821 4520 c.
878 4459 935 4536 1,
989 4459 1027 4518 6
1080 4454 1305 4520 eodem
1352 4454 1573 4520 ordine
1617 4454 1784 4522 redit
1826 4455 2000 4540 apud
2045 4456 2278 4522 Iulium
2322 4456 2675 4523 Honorium
2722 4456 2950 4522 similis
2994 4476 3267 4540 mappae
3312 4455 3755 4539 expilatorem.

509 4573 780 4639 eandem
839 4573 1147 4658 originem
1200 4574 1480 4660 produnt
1523 4576 1801 4660 quinque
1846 4576 1971 4641 loci
2015 4576 2247 4660 quibus
2291 4575 2589 4661 regiones
2635 4577 2939 4662 populive
2984 4575 3490 4642 determinantur
3534 4594 3767 4640 secun·-

510 4694 659 4759 dum
708 4701 1006 4776 quattuor
1050 4695 1212 4761 caeli
1259 4692 1497 4779 partes,
1551 4695 1800 4763 scilicet
1843 4696 2171 4763 Callaecia
2216 4717 2272 4763 c.
2324 4700 2439 4781 44,
2495 4700 2650 4776 2303
2717 4696 3051 4763 Pannonia
3094 4717 3150 4762 c.
3203 4699 3307 4778 50,
3360 4698 3520 4768 264;
3587 4696 3765 4760 Van-

511 4813 644 4879 dali
692 4834 749 4880 c.
802 4818 905 4897 22,
967 4820 1120 4894 1143
1174 4816 1378 4882 Dacia
1423 4836 1479 4881 c.
1541 4819 1636 4897 12,
1690 4821 1805 4898 743
1861 4816 2129 4902 Scythia
2175 4836 2231 4882 c.
2284 4822 2346 4898 5,
2399 4821 2473 4881 31
2537 4818 2640 4902 (cf.
2692 4821 2793 4900 33)
2848 4816 3274 4901 respondente
3335 4815 3764 4900 descriptione

508 4955 729 5001 earum
774 4955 900 5000 non
945 4935 1143 5001 aetati
1190 4936 1615 5020 Cassiodorii,
1684 4935 1801 5002 sed
1845 4937 2105 5002 saeculo
2152 4937 2287 5002 fere
2332 4938 2634 5003 secundo.
2730 4958 2877 5002 nam
2926 4943 2995 5002 ut
3046 4937 3413 5021 provinciae
3470 4942 3768 5020 quattuor

512 5075 706 5140 supra
749 5055 961 5121 dictae
1008 5076 1124 5123 eae
1172 5063 1319 5122 sunt
1362 5076 1527 5140 quae
1573 5056 1831 5122 fuerunt
1873 5063 2020 5122 ante
2066 5057 2578 5141 Diocletianum,
2645 5057 2738 5122 ita
2781 5057 3214 5123 vandalorum
3273 5058 3415 5142 ipse
3460 5055 3768 5122 Iordanes

507 5176 599 5243 ait
652 5176 949 5260 antiquas
1010 5176 1200 5242 sedes
1260 5176 1672 5243 determinari
1733 5197 1849 5242 suo
1908 5184 2193 5261 tempore
2252 5176 2496 5244 dudum
2556 5179 2639 5243 ab
2696 5177 2778 5243 iis
2833 5178 3114 5243 relictas.
3208 5177 3315 5243 ubi
3363 5176 3659 5260 regiones
3705 5184 3769 5241 et

508 5297 781 5381 populos
827 5296 1293 5380 examinamus,
1347 5298 1454 5382 qui
1500 5318 1615 5382 pro
1661 5298 1895 5364 finibus
1941 5297 2366 5379 nominantur,
2420 5297 2719 5363 similiter
2762 5297 3058 5364 reicimur
3101 5297 3186 5363 ad
3230 5303 3508 5364 aetatem
3541 5296 3768 5362 melio-

690 5558 775 5619 56)
816 5558 991 5607 Monui
1028 5559 1091 5606 de
1129 5563 1187 5606 ea
1222 5573 1274 5606 re
1311 5559 1364 5607 in
1403 5562 1528 5608 actis
1565 5561 1841 5609 minoribns
1878 5560 2235 5620 Lipsiensibus
2270 5574 2317 5609 a.
2364 5557 2486 5607 1851
2531 5575 2582 5622 p.
2616 5558 2743 5623 101,
2786 5561 3116 5624 probavitque
3153 5560 3485 5608 coniecturam
3522 5559 3770 5606 Muellen-

520 5644 703 5694 hostius
749 5644 1010 5693 Waltkarle
1046 5645 1131 5693 dea
1169 5645 1421 5705 Auyustus
1464 5647 1647 5707 (Kiliae
1690 5645 1835 5704 1856)
1879 5660 1931 5707 p.
1960 5645 2046 5695 29.

688 5731 772 5793 57)
815 5731 954 5800 Quae
992 5732 1055 5779 dc
1083 5733 1241 5780 Tauro
1276 5733 1545 5782 traduntur
1582 5749 1625 5782 c.
1669 5733 1718 5792 7,
1757 5732 1820 5780 52
1856 5759 1923 5767 —
1964 5732 2048 5792 55,
2091 5747 2255 5780 errore
2292 5731 2700 5781 Muellenhofflns
2750 5733 3007 5780 Wdtkartc
3044 5747 3095 5795 p.
3124 5731 3190 5780 34
3229 5746 3290 5780 cx
3331 5745 3510 5793 mappa
3535 5731 3772 5793 repetivit

519 5816 780 5866 immemor
815 5819 1033 5867 locorum
1071 5818 1440 5868 Solinianorum
1478 5834 1599 5883 qnos
1636 5819 1894 5882 adscripsi.
1960 5820 2110 5867 immo
2145 5819 2267 5867 haec
2306 5825 2555 5867 venerunt
2590 5833 2651 5867 cx
2690 5826 2887 5868 auctore
2925 5830 2982 5867 eo
3019 5818 3080 5865 de
3118 5832 3216 5881 quo
3253 5818 3359 5866 dixi
3396 5819 3490 5866 sub
3526 5833 3567 5866 c.
3614 5818 3731 5868 XII.
