4882 6775
932 660 1049 725 LII

1105 473 1224 535 128
2551 470 2909 525 lORDANIS

1094 660 1443 726 feliciorem
1502 661 1568 726 in
1643 659 1829 725 domo
1887 659 2264 724 Thiudimer
2324 660 2605 743 repperit
2662 661 2995 744 gaudium.
3091 660 3231 744 ipso
3304 660 3361 724 si
3420 659 3680 743 quidem
3755 659 3859 724 die
3920 657 4357 722 Theodericus

1098 764 1239 829 eius
1294 763 1498 847 filius,
1567 763 1859 846 quamvis
1907 763 1987 827 de
2032 762 2336 827 Erelieva
2396 763 2785 845 concubina,
2853 764 3059 828 bonae
3119 771 3334 828 tamen
3382 763 3520 846 spei
3582 763 3884 847 puerolus
3944 768 4134 826 natus
4193 767 4347 824 erat.

930 870 1056 931 270
1103 873 1248 952 post
1305 875 1559 951 tempus
1619 886 1770 949 ergo
1830 885 1954 930 non
2016 866 2283 930 multum
2345 887 2460 931 rex
2506 867 2792 931 Valamir
2851 868 3117 949 eiusque
3178 867 3467 949 germani
3513 865 3890 931 Thiudemir
3947 873 4011 930 et
4054 863 4347 944 Vidimir,

932 1386 1048 1446 271

727 2416 880 2480 LIII
928 2415 1051 2479 272

922 3139 1046 3201 273

1099 976 1405 1035 consueta
1450 970 1601 1034 dum
1648 969 1978 1035 tardarent
2023 969 2190 1033 dona
2236 989 2276 1031 a
2322 969 2609 1053 principe
2655 970 3003 1045 Marciano,
3056 990 3222 1053 quae
3267 969 3351 1033 ad
3403 970 3606 1034 instar
3649 977 3948 1034 strenuae
3992 967 4354 1051 acciperent

1099 1080 1164 1138 et
1207 1073 1387 1157 pacis
1435 1073 1699 1137 foedera
1744 1072 2156 1151 custodirent,
2213 1071 2409 1136 missa
2456 1073 2777 1154 legatione
2824 1073 2910 1137 ad
2956 1073 3406 1156 imperatorem
3453 1073 3675 1137 vident
3710 1071 4179 1137 Theodericum
4211 1070 4355 1135 Tri·
4397 1090 4422 1128 5

1096 1176 1216 1241 arii
1261 1176 1485 1258 filium,
1540 1184 1605 1240 et
1647 1176 1817 1239 hunc
1862 1195 2097 1257 genere
2132 1175 2423 1257 Gothico,
2478 1176 2609 1239 alia
2653 1184 2867 1240 tamen
2914 1176 3131 1260 stirpe,
3185 1196 3310 1241 non
3340 1177 3574 1240 Amaia
3618 1182 4046 1260 procreatum,
4099 1172 4355 1239 omnino

1095 1278 1425 1343 florentem
1484 1299 1627 1342 cum
1677 1279 1845 1359 suis,
1901 1279 2457 1360 Romanorumque
2518 1279 2816 1344 amicitiis
2861 1279 3146 1344 iunctum
3194 1286 3258 1344 et
3301 1300 3516 1344 annua
3561 1278 3901 1343 sollemnia
3960 1296 4358 1358 consequen-

1101 1389 1253 1463 tem,
1306 1388 1371 1446 et
1415 1400 1483 1445 se
1530 1388 1776 1447 tantum
1823 1380 2086 1465 despici.
2167 1381 2319 1445 ilico
2365 1381 2577 1446 furore
2626 1382 2925 1447 commoti
2954 1403 3134 1447 arma
3164 1382 3477 1465 arripiunt
3507 1389 3572 1447 et
3601 1382 3929 1465 Illyricum
3961 1401 4127 1466 pene
4157 1387 4356 1444 totum

1098 1484 1528 1550 discurrentes
1573 1484 1638 1547 in
1685 1484 1930 1566 praeda
1989 1485 2351 1549 devastant.
2449 1484 2564 1549 sed
2626 1485 2841 1548 statim
2902 1484 3252 1568 imperator
3313 1486 3526 1550 animo
3582 1492 3822 1550 mutato
3879 1485 3965 1549 ad
4025 1483 4355 1568 pristinam

1096 1588 1363 1652 recurrit
1423 1587 1769 1651 amicitiam
1832 1588 2155 1670 missaque
2215 1588 2537 1669 legatione
2598 1595 2728 1652 tam
2787 1590 3131 1672 praeterita
3188 1609 3328 1653 cum
3374 1587 3760 1653 instantibus
3821 1607 4087 1652 munera
4140 1585 4361 1651 tribuit
4404 1604 4459 1644 ιο

1099 1711 1291 1775 quam
1336 1691 1530 1755 etiam
1577 1691 1656 1754 de
1705 1690 1913 1755 futuro
1960 1692 2096 1755 sine
2144 1691 2363 1771 aliqua
2411 1691 2843 1755 controversia
2885 1691 3167 1757 tribuere
3209 1691 3677 1776 compromittit,
3729 1691 4036 1775 pacisque
4067 1689 4355 1755 obsidem

1098 1795 1181 1858 ab
1246 1793 1373 1873 eis,
1445 1814 1634 1875 quem
1698 1814 1892 1877 supra
1950 1794 2344 1873 rettulimus,
2413 1793 2917 1875 Theodoricum,
2983 1794 3371 1860 infantulum
3426 1794 3860 1860 Thiudimeris
3919 1793 4183 1877 accipit;
4249 1793 4359 1875 qui

1096 1897 1225 1961 iam
1288 1904 1535 1980 septem
1582 1918 1889 1961 annorum
1934 1898 2332 1961 incrementa
2378 1897 2814 1962 conscendens
2862 1906 3154 1963 octavum
3201 1899 3552 1963 intraverat
3603 1917 3861 1962 annum.
3955 1916 4142 1980 quem
4204 1896 4355 1962 dum

1099 2008 1281 2085 pater
1328 2007 1661 2064 cunctatur
1707 1999 1892 2081 dare,
1960 2009 2227 2084 patruus
2277 2000 2564 2064 Valamir
2625 2000 2834 2064 extitit
2895 2001 3290 2084 supplicator
3332 2008 3614 2081 tantum,
3683 2007 3753 2065 ut
3796 2020 3924 2084 pax
3968 1998 4153 2063 firma
4195 1999 4361 2064 inter

1097 2105 1416 2169 Romanos
1464 2102 1833 2183 Gothosque
1880 2109 2190 2167 maneret.
2287 2102 2476 2167 datus
2523 2102 2718 2184 igitur
2762 2103 3203 2169 Theodoricus
3250 2104 3440 2169 obses
3486 2125 3526 2168 a
3572 2103 3804 2168 Gothis
3849 2103 4228 2185 duciturque
4272 2102 4358 2167 ad
4401 2121 4455 2161 ιδ

1097 2207 1317 2271 urbem
1351 2206 2121 2289 Constantinopolim-nam
2155 2206 2354 2270 Leoni
2399 2206 2693 2290 principi,
2748 2212 2834 2288 et,
2887 2207 3040 2287 quia
3083 2207 3386 2290 puerulos
3432 2208 3700 2289 elegans
3729 2213 3889 2289 erat,
3941 2206 4174 2270 meruit
4205 2226 4357 2288 gra-

1099 2310 1251 2374 tiam
1299 2308 1697 2392 imperialem
1745 2308 2008 2373 habere.

1270 2413 1615 2494 Postquam
1663 2432 1814 2494 ergo
1859 2412 2043 2476 firma
2086 2433 2215 2496 pax
2264 2411 2614 2476 Gothorum
2663 2432 2805 2477 cum
2854 2413 3157 2478 Romanis
3204 2414 3434 2477 effecta
3481 2419 3599 2493 est,
3652 2412 3948 2477 videntes
3994 2411 4190 2476 Gothi
4233 2432 4353 2476 non

1097 2515 1219 2579 sibi
1265 2514 1560 2579 sufficere
1624 2535 1701 2578 ea
1746 2536 1911 2596 quae
1957 2517 2038 2581 ab
2084 2516 2468 2598 imperatore
2530 2516 2897 2599 acciperent
2956 2516 3272 2598 simulque
3335 2516 3587 2580 solitam
3648 2515 3979 2599 cupientes
4039 2522 4357 2580 ostentare

1094 2620 1423 2698 virtutem,
1480 2626 1830 2701 coeperunt
1873 2619 2119 2683 vicinas
2167 2626 2391 2700 gentes
2440 2619 2852 2684 circumcirca
2898 2619 3235 2703 praedari,
3289 2620 3560 2703 primum
3609 2626 3826 2683 contra
3873 2618 4186 2701 Sadagis,
4250 2619 4359 2702 qui
4395 2635 4454 2676 2⁰

1095 2722 1461 2786 interiorem
1508 2720 1900 2784 Pannoniam
1949 2721 2414 2805 possidebant,
2470 2743 2649 2786 arma
2693 2730 3045 2787 moventes.
3143 2724 3312 2805 quod
3375 2722 3481 2788 ubi
3527 2743 3642 2787 rex
3686 2723 4061 2786 Hunnorum
4107 2722 4361 2787 Dintzic

1100 2825 1270 2888 filius
1318 2824 1554 2888 Attilae
1604 2824 2041 2905 cognovisset,
2112 2824 2397 2888 collectis
2459 2845 2673 2888 secum
2735 2826 2844 2907 qui
2907 2826 3122 2890 adhuc
3181 2825 3566 2890 videbantur
3624 2824 3919 2906 quamvis
3976 2826 4166 2909 pauci
4221 2825 4359 2890 eius

1096 2936 1310 2992 tamen
1345 2927 1463 2991 sub
1495 2926 1764 3010 imperio
1796 2927 2184 2992 remansisse
2226 2927 2648 3007 VltzinzureS,
2707 2928 3097 3011 AngiscirOS,
3153 2929 3544 3011 Bittugures‚
3598 2928 3937 3005 BardoreS,
3993 2929 4359 2994 venientes-

1091 3052 1214 3114 que
1262 3030 1345 3094 ad
1378 3030 1723 3094 Basianam
1758 3031 2126 3094 Pannoniae
2174 3030 2501 3095 civitatem
2548 3052 2818 3112 eamque
2867 3032 3359 3097 circumvallans
3405 3032 3565 3096 fines
3607 3031 3746 3095 eius
3779 3032 3988 3115 coepit
4017 3032 4349 3115 praedare.

1093 3133 1262 3218 quod
1308 3140 1608 3217 conperto
1656 3132 1850 3197 Gothi
1896 3133 2018 3215 ibi,
2086 3133 2197 3198 ubi
2243 3140 2461 3213 erant,
2514 3134 3114 3217 expeditionemque
3163 3135 3521 3214 solventes,
3578 3155 3768 3216 quam
3816 3142 4034 3198 contra
4079 3134 4356 3218 Sadagis
4394 3152 4452 3193 25

1094 3238 1507 3319 collegerant,
1562 3236 1627 3300 in
1660 3236 1928 3301 Hunnos
1974 3243 2351 3301 convertunt
2395 3243 2460 3301 et
2506 3237 2596 3300 sic
2643 3256 2752 3301 eos
2801 3238 2937 3301 suis
2983 3258 3022 3301 a
3066 3236 3301 3301 finibus
3333 3237 3640 3319 inglorios
3672 3237 4076 3321 pepulerunt,
4130 3244 4200 3301 ut
4231 3237 4357 3301 iam

1093 3362 1173 3408 ex
1231 3339 1345 3405 illo
1406 3347 1691 3424 tempore
1758 3339 1865 3421 qui
1928 3346 2373 3405 remanserunt
2415 3340 2636 3404 Hunni
2682 3347 2745 3404 et
2791 3360 2992 3424 usque
3053 3348 3317 3406 actenus
3363 3340 3718 3406 Gothorum
3763 3361 3943 3405 arma
3986 3340 4350 3407 formident.

1271 3637 1321 3682 H
1347 3635 1391 3681 P
1426 3636 1465 3681 V
1488 3638 1533 3682 A
1562 3634 1604 3681 O
1629 3635 1675 3681 Β
1702 3636 1749 3681 Χ
1778 3636 1846 3694 (Υ
1870 3636 1949 3696 Ζ).
2028 3634 2216 3682 Paulus
2252 3636 2288 3684 l.
2330 3650 2372 3684 c.
2423 3635 2504 3696 (ad
2548 3635 2605 3682 15
2645 3639 2910 3696 maneret).

1266 3791 1282 3839 1
1327 3785 1624 3856 feliciorem]
1664 3791 1860 3837 felicius
1899 3790 2096 3837 ABXY
2296 3790 2634 3837 theodemeris
2679 3790 2786 3848 OB,
2830 3791 3130 3837 theudimeri
3172 3791 3231 3851 X,
3275 3791 3604 3838 theudimeris
3643 3789 3692 3849 Y,
3737 3790 3978 3838 teodemir
4004 3792 4048 3836 A
4260 3793 4359 3852 ipsi

1087 3882 1133 3927 A
1340 3870 1680 3940 theodoricus]
1720 3874 1771 3920 H
1800 3875 2121 3936 (plerumque)
2157 3873 2203 3920 P
2229 3876 2571 3936 (plerumque),
2616 3875 2976 3936 t(h')eodericus
3016 3875 3586 3937 VAOBtsplerumquc)X
3598 3876 3636 3922 Y
3872 3877 3901 3925 2
3942 3875 4185 3944 erelieua]
4222 3879 4356 3926 heri-

1084 3967 1219 4014 lieua
1255 3965 1314 4022 X,
1359 3962 1505 4010 herili
1546 3975 1633 4008 sua
1682 3961 1745 4007 Y:
1784 3963 1985 4008 Arileua
2024 3960 2217 4008 Paulus
2257 3964 2320 4009 15
2357 3957 2492 4028 [16],
2537 3966 2618 4024 14,
2663 3963 2915 4010 Ereriliua
2954 3964 3117 4011 Anon.
3152 3963 3310 4011 Voles.
3342 3965 3407 4010 58
3652 3960 3916 4028 puerolus]
3953 3963 4064 4024 ΗΡ,
4108 3967 4355 4025 puerulus

1096 4052 1175 4098 VA
1191 4050 1333 4097 OBX
1344 4050 1383 4096 Y
1586 4043 1715 4112 erat]
1751 4054 1830 4093 est
1866 4048 1910 4092 A
2138 4045 2168 4094 3
2207 4061 2321 4105 ergo
2357 4063 2452 4098 om.
2485 4049 2531 4094 A
2740 4050 2995 4096 uualemer
3034 4047 3077 4094 B
3305 4047 3581 4096 theodimer
3623 4048 3681 4110 O,
3724 4049 4012 4097 theodemer
4050 4050 4114 4108 B,
4155 4051 4355 4100 theudi·

1085 4151 1190 4185 mer
1227 4136 1292 4198 X,
1332 4134 1607 4182 theudimir
1656 4134 1705 4190 Υ,
1748 4133 2045 4181 theudemer
2085 4133 2143 4192 Z,
2185 4135 2439 4181 teudemlr
2477 4136 2521 4180 A
2799 4134 3054 4182 uuidimer
3097 4133 3202 4193 OB,
3257 4134 3473 4181 uidimer
3512 4132 3622 4193 KZ,
3676 4134 3918 4183 uindimir
3967 4137 4018 4198 Y,
4059 4138 4274 4185 uidemir
4309 4140 4350 4185 A

1084 4223 1115 4272 4
1154 4224 1282 4270 dona
1320 4237 1347 4268 a
1388 4223 1432 4280 (a
1469 4234 1564 4267 om.
1605 4218 1663 4277 O)
1705 4215 1809 4283 pr.]
1847 4235 1874 4266 a
1911 4235 1986 4280 pr.
2029 4219 2077 4268 d.
2123 4222 2167 4266 A
2390 4216 2649 4285 strenuae]
2687 4220 2991 4278 HPVAXY,
3034 4222 3257 4268 strinuae
3300 4219 3357 4283 O,
3401 4226 3671 4267 strennuae
3708 4220 3754 4267 B
3961 4229 4256 4284 acceperent
4293 4224 4350 4286 P,

1085 4310 1375 4368 acciperunt
1415 4306 1471 4368 0,
1516 4312 1692 4365 gentes
1729 4314 2027 4367 acceperunt
2066 4306 2110 4352 Β
2319 4306 2349 4354 5
2388 4312 2439 4354 et
2475 4303 2635 4371 pacis]
2676 4313 2731 4354 ut
2768 4307 2944 4367 paucis
2982 4305 3074 4367 B‘,
3118 4313 3174 4354 ut
3210 4308 3344 4367 pacis
3385 4293 3454 4352 Bb
3665 4308 4001 4354 custodierent
4041 4309 4086 4354 P
4291 4311 4352 4357 li-

1085 4395 1283 4455 gatione
1326 4391 1366 4438 O
1610 4391 1641 4439 6
1679 4388 1836 4456 hunc]
1872 4405 2001 4450 gunc
2044 4391 2103 4451 O,
2156 4392 2293 4439 huno
2331 4393 2376 4439 A
2622 4393 2880 4451 gothorum
2921 4392 2966 4437 X
3209 4391 3236 4439 7
3276 4388 3412 4457 cum]
3450 4406 3537 4439 con
3584 4392 3626 4438 Ο
3870 4392 3899 4440 8
3939 4390 4079 4459 ilico]
4115 4395 4202 4442 illo
4240 4397 4285 4443 A

1087 4481 1240 4529 furori
1276 4479 1315 4524 V
1554 4479 1829 4538 corripiunt
1865 4480 1909 4524 A
2154 4478 2428 4525 hirillicum
2468 4479 2513 4525 A
2784 4482 2936 4525 totam
2974 4480 3019 4525 A
3298 4477 3328 4526 9
3365 4479 3597 4539 praedam
3640 4478 3729 4525 OB
3973 4489 4272 4531 commutato
4308 4485 4350 4531 A

1088 4567 1149 4617 10
1186 4571 1447 4613 recurrunt
1478 4564 1519 4611 O
1735 4563 1788 4611 11
1832 4560 1967 4630 sine]
2006 4565 2059 4612 in
2096 4566 2207 4613 sine
2247 4562 2327 4611 1²⁰
2541 4565 2881 4612 contrauersia
2917 4565 2982 4627 H,
3027 4566 3360 4613 controuersia
3403 4564 3445 4611 O
3659 4564 3719 4613 12
3757 4562 3853 4632 eis]
3891 4579 3947 4613 eo
3985 4568 4031 4613 A
4239 4570 4351 4617 the-

1084 4653 1303 4701 dericum
1342 4649 1414 4698 V‘
1625 4651 1928 4697 insantolnm
1971 4649 2013 4696 O
2241 4650 2570 4698 theudimeris
2617 4652 2666 4708 Y,
2709 4651 3039 4699 theodemeris
3082 4650 3184 4713 OB,
3229 4652 3556 4699 theodemiris
3594 4653 3656 4712 A,
3699 4651 4005 4701 theodemari
4044 4656 4109 4716 X,
4148 4656 4350 4703 theudi-

1084 4740 1203 4787 meri
1246 4738 1287 4784 Z
1496 4731 1700 4800 accipit]
1737 4737 1845 4795 AY,
1888 4738 2077 4798 accepit
2112 4735 2172 4796 B,
2216 4738 2469 4799 accipiunt
2506 4736 2797 4784 HPVOXZ
3038 4737 3096 4785 13
3135 4738 3461 4785 conscindens
3505 4736 3547 4783 O
3784 4737 3842 4786 14
3881 4745 4203 4788 cunctaretur
4236 4741 4349 4789 dare

1083 4829 1147 4886 A,
1188 4830 1456 4874 cunctatur
1490 4823 1629 4870 daret
1673 4821 1731 4884 0,
1775 4829 2038 4870 cunctatus
2075 4823 2217 4870 daret
2251 4823 2297 4868 B
2505 4823 2763 4870 unalamer
2805 4824 2896 4872 OB
3129 4822 3189 4871 15
3227 4823 3375 4871 datur
3411 4824 3511 4870 ΧΥ
3725 4824 4011 4873 thedericus
4050 4826 4100 4884 V,
4145 4828 4350 4876 theode-

1081 4916 1208 4962 ricos
1251 4911 1292 4957 O
1502 4911 1645 4957 obses
1685 4925 1712 4956 a
1750 4904 1940 4975 gothis]
1975 4911 2121 4957 obses
2161 4911 2221 4970 A,
2264 4910 2468 4957 obsessa
2505 4910 2676 4968 gothos
2722 4909 2764 4956 O
2999 4923 3097 4971 que
3135 4923 3230 4956 om.
3263 4909 3356 4956 AB
3585 4910 3643 4958 ad
3683 4912 3856 4958 urbem
3895 4917 4054 4961 const.
4101 4914 4349 4975 (constan-

1085 4998 1505 5059 tinopolititanam
1546 4991 1632 5061 Ρ)]
1670 4996 2142 5057 constantinopolim
2180 4997 2226 5042 A
2455 4994 2516 5043 16
2552 4997 2833 5057 principem
2878 4995 2920 5042 O
3129 4991 3390 5062 puerulos]
3429 4995 3663 5057 HPVO‘⁸‚
3708 4998 3942 5058 puerolus
3984 4986 4068 5059 0⁶,
4111 5002 4350 5061 puerulus

1084 5085 1229 5133 ABX
1241 5084 1280 5131 Y
1481 5083 1677 5142 eligans
1711 5082 1752 5127 O
1968 5081 2027 5130 19
2066 5083 2165 5130 sibi
2202 5095 2298 5130 om.
2329 5082 2373 5128 A
2585 5086 2878 5143 acceperant
2915 5082 2968 5144 P,
3013 5083 3287 5142 acciperint
3329 5081 3386 5143 O,
3431 5089 3728 5143 acceperant
3765 5085 3812 5130 X
3824 5085 3873 5143 Y,
3916 5092 4215 5146 acceperunt
4239 5089 4281 5135 A

1083 5172 1336 5231 simulque
1374 5164 1595 5234 solitam]
1632 5169 1981 5229 HPVAXYZ,
2024 5169 2198 5216 solatia
2234 5168 2487 5229 simulque
2533 5167 2623 5214 OB
2846 5167 2911 5215 20
2948 5168 3153 5229 predare
3195 5166 3237 5213 O
3447 5170 3603 5229 primo
3647 5168 3737 5215 OB
3944 5174 4130 5230 satagis
4174 5171 4236 5234 O,
4276 5187 4352 5221 sa·

1083 5263 1220 5317 tegas
1257 5256 1321 5310 Β,
1364 5255 1568 5314 sadages
1606 5255 1711 5315 ΧΖ,
1756 5255 1960 5314 sagades
2012 5254 2059 5314 Y,
2103 5254 2299 5301 sadares
2336 5253 2381 5300 A
2663 5252 2722 5302 21
2764 5254 3094 5316 possedebant
3138 5253 3179 5300 O
3423 5254 3623 5301 dindzic
3661 5255 3722 5315 Χ,
3765 5255 3996 5303 dindzich
4051 5257 4141 5318 ΥΖ,
4184 5258 4351 5306 dinzio

1089 5343 1210 5390 OB:
1250 5337 1489 5410 Δὲγγιζιχ
1525 5339 1661 5399 apud
1703 5340 1929 5387 Priscum
1964 5338 2034 5399 fr.
2063 5342 2150 5389 36.
2178 5342 2246 5388 38
2271 5354 2325 5400 p.
2357 5341 2473 5388 107.
2512 5342 2608 5387 108
2634 5339 2804 5390 Muell.
3020 5339 3084 5388 23
3123 5337 3453 5406 ultzinzures]
3490 5328 3712 5388 HPVXb
3728 5341 3820 5402 YZ,
3864 5344 4206 5393 ultzinzumes
4243 5343 4345 5404 1⁸,

1087 5430 1377 5476 ulzinzures
1416 5430 1474 5490 A,
1520 5427 1810 5486 ulzingures
1855 5426 1913 5488 O,
1959 5426 2279 5485 ultzingures
2316 5424 2361 5471 Β
2589 5426 2862 5484 angiscires
2898 5426 2944 5473 B
3171 5428 3448 5487 bittugores
3492 5426 3598 5489 OB,
3639 5428 3946 5488 burtugures
3984 5430 4028 5476 A
4238 5433 4348 5478 bar·

1085 5515 1230 5561 dares
1267 5515 1312 5561 A
1545 5509 1935 5578 uenientesqne]
1974 5513 2240 5559 uenientes
2282 5509 2341 5571 O,
2384 5514 2700 5574 ueniensque
2738 5512 2848 5572 AX,
2892 5514 3106 5560 ueniens
3146 5512 3190 5558 Β
3435 5512 3501 5561 24
3537 5515 3794 5561 basianam
3831 5512 4012 5582 pann.]
4052 5516 4343 5579 HPVXYZ,

1086 5601 1365 5648 bassianam
1403 5601 1687 5663 pannoniae
1733 5599 1912 5676 butam
1956 5597 2041 5659 0⁰>
2091 5598 2198 5659 OB,
2241 5611 2391 5659 pann.
2435 5599 2691 5646 basianam
2729 5600 2775 5645 A
3005 5599 3232 5660 praedari
3269 5598 3414 5646 ΑΒΧ
3642 5599 3707 5648 25
3744 5615 3842 5662 quo
3878 5603 4024 5649 ABX
4035 5603 4074 5649 Υ
4275 5605 4346 5651 ibi

1087 5701 1181 5734 om.
1215 5685 1357 5732 AOB
1567 5687 1769 5744 sadages
1808 5685 1963 5745 ΑΧΖ,
2009 5685 2214 5743 sagades
2262 5684 2312 5746 Υ,
2356 5688 2551 5744 satagas
2589 5685 2635 5730 B
2866 5684 2932 5733 26
2970 5685 3262 5745 colligerant
3303 5685 3361 5745 0,
3404 5686 3710 5745 collegerunt
3748 5687 3792 5733 B
4023 5703 4050 5734 a
4087 5690 4198 5737 suis
4234 5690 4279 5736 A

1085 5774 1374 5833 ingloriosos
1412 5776 1454 5819 A
1665 5770 1728 5820 27
1767 5767 1879 5837 illo]
1916 5772 1970 5818 ill
2016 5771 2115 5831 (sic)
2153 5770 2194 5817 O
2403 5770 2735 5819 formidarent
2772 5773 2820 5818 Χ
2831 5772 2871 5818 Υ
