4882 6775
1970 464 2272 522 GETICA.
3633 471 3661 529 1
3672 469 3753 532 23

492 654 933 718 Athalaricum
981 664 1045 719 et
1072 655 1606 720 Mathesuentam.
1695 656 1810 720 sed
1855 656 2009 738 quia
2038 656 2451 720 Athalaricus
2497 656 2563 719 in
2608 654 2794 719 annis
2840 655 3194 738 puerilibus
3242 656 3578 720 defunctus
3624 664 3744 738 est,
3796 654 4071 718 XLVIII

493 757 942 822 Mathesuenta
988 757 1600 842 Constantinopolim
1648 758 1849 823 allata
1895 758 1973 823 de
2022 760 2301 823 secundo
2346 760 2518 841 viro,
2583 758 2651 823 id
2697 765 2797 823 est
2842 758 3162 822 Germano
3210 758 3511 824 fratruele
3558 758 3754 823 Iusti-

495 860 673 925 niani
718 860 1144 945 imperatoris,
1199 861 1422 943 genuit
1465 869 1827 945 postumum
1874 862 2097 943 filium,
2151 882 2340 944 quem
2385 861 2738 926 nominavit
2784 860 3200 925 Germanum.

671 962 803 1027 Sed
848 964 1052 1045 nobiS,
1107 973 1175 1028 ut
1219 964 1391 1045 ord0,
1445 985 1632 1046 quem
1681 966 2028 1049 coepimus,
2084 966 2399 1045 decurrat,
2455 965 2538 1029 ad
2587 963 2964 1028 Vandalarii
3012 964 3321 1045 sobulem,
3377 984 3540 1047 quae
3585 964 3751 1029 trino
3798 964 3921 1026 252

440 1089 464 1126 ε»
502 1065 654 1131 flore
701 1067 1062 1150 pululabat,
1116 1067 1515 1132 redeundum
1562 1074 1679 1132 est.
1779 1069 1884 1133 hic
1929 1068 2100 1133 enim
2134 1068 2586 1147 VandalariuS,
2640 1067 2966 1132 fratruelis
2996 1067 3437 1132 Hei-manarici
3467 1075 3532 1133 et
3562 1087 3755 1151 supra

501 1169 720 1252 scripti
768 1170 1182 1234 Thorismudi
1229 1171 1685 1249 consubrinuS,
1752 1172 1957 1236 tribus
2003 1172 2194 1236 editis
2239 1172 2461 1235 liberis
2506 1171 2572 1234 in
2617 1177 2806 1253 gente
2852 1170 3087 1234 Amala
3131 1170 3444 1253 gloriatus
3489 1178 3622 1252 cst,
3685 1170 3755 1235 id

501 1279 600 1335 est
634 1272 918 1336 Valamir
949 1273 1313 1337 Thiudimir
1359 1273 1648 1338 Vidimir.
1747 1295 1826 1338 ex
1873 1274 2104 1355 quibus
2149 1296 2263 1358 per
2309 1273 2716 1338 successione
2764 1280 3098 1357 parentum
3130 1273 3420 1338 Valamir
3464 1273 3529 1337 in
3560 1293 3755 1356 regno

501 1375 874 1440 conscendit
918 1376 1129 1440 adhuc
1160 1376 1410 1440 Hunnis
1459 1396 1566 1441 eos
1617 1377 1782 1441 inter
1827 1377 1992 1441 alias
2038 1385 2264 1460 gentes
2310 1377 2701 1459 generaliter
2745 1377 3201 1460 optinentibus,
3297 1384 3558 1459 eratque
3605 1384 3754 1441 tunc
3802 1377 3924 1439 253

497 1479 566 1542 in
611 1478 813 1543 tribus
860 1478 960 1543 his
1006 1479 1331 1561 germanis
1378 1481 1825 1563 contemplatio
1872 1488 2076 1563 grata,
2134 1480 2390 1561 quando
2438 1480 2750 1544 mirabilis
2796 1480 3179 1545 Thiudimer
3221 1499 3335 1564 pro
3381 1479 3596 1545 fratris
3628 1480 3758 1543 Va-

402 1604 460 1643 10
498 1581 686 1644 lamir
732 1581 1049 1646 militabat
1093 1583 1395 1666 imperiO,
1462 1583 1750 1647 Valamir
1810 1603 1959 1648 vero
2015 1605 2128 1667 pro
2173 1584 2375 1647 altero
2419 1583 2684 1648 iubebat
2727 1583 3013 1647 ornando
3035 1586 3121 1666 ¹),
3188 1583 3476 1647 Vidimer
3520 1583 3759 1648 servire

499 1683 802 1748 fratribus
849 1685 1256 1750 aestimabat.
1350 1686 1442 1751 sic
1488 1687 1582 1751 eis
1628 1694 1847 1751 mutua
1892 1687 2230 1751 affectione
2276 1707 2345 1750 sc
2392 1686 2719 1750 tuentibus
2764 1686 2923 1749 nulli
2981 1688 3277 1770 paenitus
3330 1687 3553 1753 deerat
3614 1707 3762 1769 reg-

500 1809 673 1866 num,
727 1788 898 1869 quod
942 1789 1193 1869 utrique
1240 1789 1306 1853 in
1353 1810 1471 1854 sua
1517 1810 1674 1873 pace
1721 1792 2046 1854 tenebant.
2143 1790 2232 1854 ita
2264 1797 2500 1868 tamen,
2554 1796 2624 1852 ut
2655 1808 2850 1873 saepe
2884 1789 3121 1853 dictum
3154 1797 3275 1872 est,
3327 1790 3753 1873 imperabant,

503 1900 572 1956 ut
616 1890 740 1974 ipsi
772 1891 1012 1956 Attilae
1059 1893 1429 1956 Hunnorum
1476 1893 1650 1976 regis
1697 1893 1963 1977 imperio
2010 1893 2437 1957 deservirent:
2524 1892 2756 1974 quibus
2803 1912 2921 1957 nec
2967 1899 3184 1957 contra
3229 1900 3529 1977 parentes
3560 1893 3762 1957 Vese-

503 1995 734 2077 gothas
780 1994 1067 2059 licuisset
1112 2015 1408 2060 recusare
1454 2004 1812 2077 certamen,
1867 1997 1983 2061 sed
2028 1996 2382 2061 necessitas
2428 1996 2708 2077 domini,
2762 1996 2956 2060 etiam
3002 1996 3413 2080 parricidium
3460 1997 3512 2060 si
3557 1996 3755 2077 iubet,

408 2120 465 2159 ιε»
505 2097 901 2215 implendum
948 2104 1067 2162 est.
1162 2117 1278 2161 nec
1327 2099 1514 2163 aliter
1558 2099 1640 2162 ab
1688 2101 2065 2163 Hunnorum
2113 2099 2395 2164 dominio
2441 2099 2665 2164 divelli
2711 2099 2917 2183 potuit
2962 2119 3123 2180 gens
3168 2100 3390 2180 aliqua
3434 2098 3755 2181 Scythica,

506 2201 627 2265 nisi
673 2208 892 2282 optata
953 2200 1195 2265 cunctis
1241 2201 1603 2267 nationibus
1665 2203 1731 2266 in
1777 2222 2109 2267 commune
2157 2210 2221 2267 et
2266 2202 2572 2267 Romanis
2631 2221 2798 2267 mors
2846 2203 3084 2267 Attilae
3131 2202 3529 2286 proveniret,
3598 2221 3764 2283 quae

503 2313 633 2370 tam
681 2304 802 2367 fuit
846 2304 1017 2371 vilis
1074 2311 1142 2367 ut
1174 2303 1306 2369 vita
1350 2305 1686 2371 mirabilis.

679 2407 825 2494 Qui,
854 2414 949 2470 ut
980 2407 1233 2471 Priscus
1280 2408 1575 2472 istoricus
1622 2407 1837 2487 refert,
1889 2408 2098 2472 exitus
2145 2408 2242 2471 sui
2289 2415 2574 2491 tempore
2621 2354 2907 2491 puellam
2939 2408 3139 2472 lidico
3178 2409 3432 2472 nomine
3466 2407 3759 2472 decoram
3808 2407 4023 2471 XLIX
4055 2410 4181 2470 254

509 2511 696 2574 valde
746 2510 869 2573 sibi
912 2510 976 2572 in
1027 2510 1427 2575 matrimonio
1472 2520 1615 2594 post
1661 2511 2159 2575 innumerabiles
2206 2531 2471 2589 uxores,
2525 2518 2595 2574 ut
2639 2530 2776 2575 mos
2823 2517 2962 2575 erat
3005 2511 3217 2593 gentis
3262 2510 3460 2591 illius,
3516 2512 3767 2576 socians

408 2634 467 2675 20
509 2615 771 2695 eiusque
816 2614 879 2675 in
928 2612 1167 2696 nuptiis
1216 2612 1537 2678 hilaritate
1584 2613 1781 2678 nimia
1827 2615 2163 2693 resolutus,
2218 2615 2364 2678 vino
2413 2634 2760 2696 somnoque
2793 2621 3099 2696 gravatus
3131 2614 3472 2696 resupinus
3502 2613 3760 2692 iaceret,

509 2716 878 2781 redundans
926 2716 1226 2796 sanguiS,
1295 2717 1403 2797 qui
1450 2716 1510 2781 ei
1558 2717 1742 2781 solite
1789 2716 1869 2781 de
1915 2716 2176 2780 naribus
2222 2715 2561 2797 effluebat,
2638 2717 2789 2780 dum
2837 2717 3158 2781 consuetis
3203 2716 3520 2781 meatibus
3565 2718 3770 2801 impe-

512 2820 715 2897 ditur,
781 2819 1009 2882 itinere
1059 2818 1246 2882 ferali
1303 2818 1600 2885 faucibus
1655 2820 1931 2903 illapsus
1986 2819 2277 2883 extinxit.
2372 2820 2466 2884 ita
2511 2819 2790 2900 glorioso
2835 2841 2950 2903 per
2994 2820 3171 2883 bella
3213 2821 3351 2903 regi
3396 2821 3772 2885 temulentia

510 2921 845 3006 pudendos
894 2921 1098 2986 exitos
1144 2921 1342 2986 dedit.
1439 2923 1729 3004 sequenti
1778 2943 1930 2987 vero
1976 2923 2118 2986 luce
2166 2942 2308 2986 cum
2357 2942 2597 3005 magna
2640 2941 2790 3005 pars
2839 2922 2968 2987 diei
3009 2922 3238 2987 fuisset
3269 2930 3595 3007 exempta,
3652 2923 3773 2987 mi-

511 3026 689 3090 nistri
739 3025 902 3107 regii
945 3024 1124 3089 triste
1172 3025 1422 3108 aliquid
1465 3026 1867 3109 suspicantes
1913 3026 2416 3110 postclamores
2461 3025 2776 3089 maximos
2822 3026 2992 3089 fores
3025 3026 3371 3109 effringunt
3407 3026 3776 3091 inveniunt-

688 3371 1012 3420 HPVLA
1046 3371 1429 3432 OBX(YZ}-
1513 3371 1698 3420 Paulus
1736 3370 2313 3434 h.R.14,13((118
2352 3372 2490 3433 Qui).

694 3527 715 3576 1
758 3529 1053 3575 athlaricnm
1095 3528 1251 3586 XYZ,
1293 3528 1583 3575 atalaricum
1622 3530 1663 3574 A
1947 3523 2374 3592 mathesuentam]
2413 3527 2568 3589 ΑΘΒ,
2612 3529 3022 3576 mathesuendam
3061 3528 3126 3587 H,
3169 3528 3630 3576 maathesuentham
3667 3529 3773 3588 PV‚

517 3615 950 3663 mathasuentham
990 3615 1097 3674 ΧΥ,
1142 3613 1571 3661 maathesuentam
1609 3613 1651 3660 L
1862 3614 2135 3661 athlaricus
2174 3614 2332 3675 XYZ,
2374 3614 2622 3661 atharicus
2667 3614 2724 3676 Ο,
2769 3615 3031 3661 atalaricus
3070 3616 3111 3660 A
3328 3613 3358 3661 2
3399 3616 3780 3662 maathesuenta

515 3700 812 3760 HPVLAB,
858 3700 1242 3746 mathesuentha
1279 3701 1340 3759 X,
1385 3699 1770 3747 mathasuentha
1821 3700 1870 3757 Υ,
1912 3700 2316 3747 mathesuentam
2362 3700 2403 3747 O
2635 3696 2805 3765 allata]
2843 3700 2998 3746 inlata
3036 3700 3097 3760 Β,
3137 3700 3342 3747 inlatam
3389 3699 3430 3746 O
3674 3702 3782 3750 uiro

514 3804 607 3836 om.
647 3787 734 3833 OB
961 3799 1190 3845 gerinono
1231 3785 1273 3832 L
1500 3785 1528 3832 3
1569 3787 1876 3847 postumium
1914 3786 1973 3846 L,
2016 3787 2268 3846 postulum
2315 3785 2356 3832 O
2587 3787 2616 3834 4
2657 3788 2882 3848 cepimus
2923 3786 2983 3846 A,
3029 3789 3261 3848 cupimus
3305 3785 3394 3832 OB
3616 3801 3782 3834 uuan-

514 3876 687 3922 dalarii
726 3872 883 3930 LOX,
925 3871 1205 3918 uuadalarii
1246 3871 1305 3931 Β,
1350 3871 1651 3930 uandyliarii
1705 3873 1744 3919 Y
1965 3868 2208 3936 sobulem]
2248 3871 2403 3930 HPV,
2448 3874 2663 3920 sobolem
2702 3872 2994 3919 LAOBXY
3231 3872 3259 3920 5
3300 3870 3583 3939 pululabat]
3623 3874 3777 3934 HPV,

515 3961 791 4023 pollulabat
835 3958 891 4018 O,
935 3958 1214 4019 pullulabat
1248 3958 1336 4005 rel.
1552 3953 1657 4022 hic]
1697 3958 1783 4005 hin
1831 3959 1871 4003 V
2094 3961 2284 4005 etenim
2330 3958 2530 4018 OBXY,
2571 3959 2728 4018 igitur
2766 3959 2812 4004 A
3042 3958 3401 4005 uuandalarius
3439 3961 3498 4019 X,
3542 3960 3781 4008 uuadala-

514 4049 647 4094 ricus
686 4045 746 4101 B,
791 4045 1122 4093 nandiliarins
1175 4044 1214 4089 Y
1415 4046 1708 4091 ermanarici
1746 4044 1935 4090 LOBZ
2145 4049 2195 4091 et
2231 4058 2323 4091 om.
2364 4044 2454 4091 OB
2681 4046 3010 4108 superscripti
3056 4045 3143 4090 OB
3379 4047 3408 4092 6
3451 4044 3782 4094 thorismundi

515 4131 804 4179 LAOBXY
1010 4129 1036 4176 7
1078 4131 1324 4177 unalamir
1361 4129 1449 4176 LB
1485 4134 1687 4190 uterque
1725 4128 1829 4188 fere
1866 4143 2065 4190 semper,
2108 4130 2320 4177 ualemir
2360 4133 2403 4177 A
2424 4131 2714 4192 plerumque
2758 4133 2886 4188 (raro
2924 4131 3147 4190 ualamir)
3365 4130 3642 4178 theodemir
3675 4131 3778 4192 OB,

515 4218 787 4264 theudimir
824 4217 981 4275 ΧΥΖ,
1026 4216 1264 4262 teodemir
1303 4217 1347 4261 Α
1617 4216 1859 4263 uuidimir
1898 4215 2055 4277 LOB,
2101 4217 2314 4263 uidemir
2353 4218 2392 4262 A
2432 4231 2631 4278 semper,
2675 4217 2917 4264 uindimir
2963 4218 3002 4263 Y
3242 4213 3582 4282 successione]
3620 4217 3780 4276 HPV,

515 4304 881 4350 successionem
918 4301 1212 4349 LAOBXY
1481 4302 1691 4349 ualamir
1729 4317 1826 4349 om.
1865 4303 1906 4348 O
2185 4316 2399 4361 regnum
2436 4303 2640 4361 LAOB,
2683 4317 2834 4363 regno
2880 4303 3034 4362 (regni
3081 4304 3177 4363 YZ)
3225 4304 3542 4350 successione
3579 4304 3718 4349 XYZ

517 4388 546 4437 8
583 4391 746 4436 hunni
789 4389 830 4436 O
1094 4385 1238 4454 tunc]
1277 4402 1410 4436 nuno
1446 4388 1490 4434 Β
1755 4387 1785 4436 9
1823 4389 1905 4436 his
1942 4390 2107 4436 tribus
2146 4387 2188 4435 L
2436 4390 2725 4437 theodimur
2763 4391 2824 4448 X,
2868 4389 3145 4436 theudimir
3196 4389 3290 4448 YZ,
3335 4389 3610 4436 theodemir
3648 4389 3788 4436 AOB

520 4476 581 4525 10
617 4477 820 4523 iubat=.r
857 4475 1020 4522 nando
1065 4473 1121 4535 O,
1166 4475 1311 4521 iubet
1346 4475 1563 4522 ornando
1599 4474 1675 4520 B:
1715 4473 1929 4533 sortasse
1964 4489 2052 4523 scr.
2097 4477 2311 4523 iuuabat
2348 4476 2567 4522 ornando
2799 4476 3056 4522 uuidimer
3093 4475 3150 4538 L,
3195 4476 3433 4522 uuidimir
3470 4474 3531 4536 B,
3577 4475 3788 4523 uidimir

518 4562 626 4621 XZ,
671 4562 909 4609 uindimir
960 4561 999 4607 Y
1238 4559 1295 4607 11
1338 4561 1696 4608 aestimabatur
1733 4562 1775 4607 A
2022 4558 2121 4627 eis]
2161 4562 2258 4610 eiis
2298 4562 2359 4621 L,
2403 4563 2514 4610 eius
2553 4563 2644 4609 XZ
2887 4576 2941 4609 se
2980 4557 3260 4626 tuentibus]
3297 4563 3635 4609 seruientibus
3674 4563 3718 4608 A

519 4649 645 4695 nulli
685 4650 920 4710 paenitus
956 4661 1054 4694 om.
1087 4647 1224 4693 XYZ
1454 4646 1513 4695 12
1553 4643 1707 4712 quod]
1746 4662 1895 4708 quam
1934 4648 2070 4694 XYZ
2299 4663 2418 4709 pace
2456 4663 2544 4695 sua
2581 4650 2625 4696 Α
2854 4649 3057 4695 tenebat
3099 4647 3140 4693 O
3349 4643 3521 4712 saepe]
3557 4661 3640 4696 sae
3677 4647 3722 4694 Ρ

518 4736 789 4796 imperauit
831 4733 921 4780 OB
1135 4731 1194 4780 13
1233 4734 1342 4794 ipse
1386 4732 1473 4780 OB
1683 4735 1787 4793 regi
1831 4733 1871 4779 L
2081 4735 2295 4794 imperio
2334 4750 2432 4782 om.
2464 4735 2507 4782 L
2716 4735 3001 4782 deseruiret
3043 4733 3130 4781 OB
3340 4747 3404 4781 ne
3443 4734 3484 4780 B
3693 4748 3786 4782 ue·

520 4822 747 4879 sogotbas
783 4819 845 4882 L,
889 4819 1204 4878 uuisigothos
1243 4820 1290 4865 X
1572 4820 1629 4867 14
1668 4816 1924 4885 licuisset]
1961 4821 2105 4867 licuit
2142 4821 2243 4867 ΧΥ
2518 4823 2561 4869 si
2598 4823 2748 4881 paric.
2798 4820 2887 4867 OB
3165 4821 3342 4868 iubeat
3378 4820 3486 4882 ΧΥ,
3531 4821 3708 4867 iubent
3748 4822 3790 4868 Z

523 4905 583 4954 15
623 4906 863 4966 inplenda
903 4906 945 4951 Β
1153 4906 1350 4952 domino
1394 4905 1435 4950 O
1644 4907 1813 4966 aliqua
1849 4921 1945 4954 om.
1977 4908 2021 4952 Α
2271 4906 2333 4954 16
2372 4910 2666 4968 prouenerit
2708 4908 2767 4966 O,
2811 4907 3102 4969 peruenerit
3138 4906 3183 4952 B
3431 4904 3490 4954 17
3531 4908 3654 4955 uilis
3689 4908 3788 4954 suit

529 4992 670 5039 ΟΒΥ
916 4990 975 5039 18
1014 4992 1225 5039 storicus
1266 4990 1416 5050 PVL,
1459 4992 1723 5041 historicus
1766 4993 1907 5039 OBX
1922 4993 1959 5038 Υ
2186 4995 2339 5041 resret
2382 4993 2424 5039 O
2656 4995 2827 5040 exitus
2867 4989 2970 5058 sui]
3009 4993 3157 5053 XYZ,
3202 4994 3344 5040 exitu
3383 4993 3463 5039 sui
3497 4992 3594 5049 VL,
3640 4994 3788 5041 exitii

523 5079 604 5126 sui
644 5078 754 5137 ΗΡ,
795 5078 913 5124 dum
952 5079 1098 5125 exitii
1136 5080 1215 5125 sui
1257 5080 1316 5138 A,
1360 5079 1687 5126 extinctionis
1727 5081 1808 5126 sui
1852 5079 1988 5137 (suae
2026 5079 2083 5137 Β)
2135 5078 2224 5125 OB
2485 5084 2683 5140 tempus
2722 5080 2766 5126 B
3029 5079 3210 5126 hildico
3244 5078 3345 5138 VA,
3388 5079 3579 5126 heldico
3617 5078 3788 5125 XYZ:

524 5164 700 5211 Ildicco
728 5164 920 5212 Paulus
955 5168 1012 5211 14
1039 5161 1169 5230 [15],
1207 5167 1236 5212 9
1430 5166 1628 5212 nomina
1661 5163 1702 5210 O
1915 5163 1976 5211 19
2016 5160 2193 5229 matr.]
2221 5168 2591 5213 matrimonium
2622 5165 2730 5222 OB,
2774 5167 3091 5213 matrimonio
3117 5164 3374 5225 copulauit
3398 5163 3441 5211 L
3634 5166 3789 5211 innu-

524 5264 683 5297 meras
723 5249 765 5296 L
975 5249 1039 5298 20
1078 5251 1335 5298 helaritate
1373 5251 1478 5312 PV‚
1522 5251 1770 5299 ellaritate
1815 5249 1857 5295 O
2066 5247 2275 5316 iaceret]
2313 5253 2507 5299 iacebat
2537 5252 2626 5298 OB
2838 5251 2893 5299 21
2940 5250 3329 5310 redundansque
3357 5250 3401 5296 Β
3610 5252 3790 5298 efflue-

525 5333 629 5401 bat]
669 5335 1012 5396 PVLAOXY,
1058 5338 1297 5384 affluebat
1330 5337 1429 5383 ΗΒ
1639 5332 1918 5400 consuetis]
1955 5338 2005 5386 in
2045 5350 2178 5384 cons.
2223 5338 2267 5382 A
2480 5336 2543 5385 22
2580 5337 2791 5399 illapsus
2829 5334 2964 5404 ext.]
3002 5339 3113 5397 ΧΥ,
3154 5338 3385 5398 inlapsus
3432 5337 3561 5393 (eum
3597 5339 3692 5385 ins.
3724 5336 3784 5396 B)

524 5429 630 5472 ext.
679 5422 788 5483 OB,
831 5423 1030 5484 elapsus
1070 5428 1174 5470 ext.
1218 5421 1452 5470 HPVLA
1683 5435 1770 5482 per
1806 5435 1902 5469 om.
1939 5421 1980 5466 O
2216 5421 2279 5469 23
2319 5422 2579 5483 pudendos
2616 5425 2788 5472 exitus
2827 5425 2923 5470 AX
2939 5425 3031 5485 YZ,
3074 5423 3343 5486 pudendus
3381 5424 3553 5470 exitus
3597 5422 3655 5482 O,
3698 5437 3793 5483 pu-

525 5507 742 5555 dendum
782 5510 976 5556 exitum
1019 5509 1063 5555 Β
1273 5514 1483 5570 excepta
1521 5507 1594 5554 B‘1
1807 5507 1868 5555 24
1910 5503 2057 5572 regii]
2095 5509 2235 5566 regni
2280 5507 2322 5554 O

706 5765 749 5826 1)
793 5768 858 5827 cs.
908 5765 1243 5813 Cassiodorius
1280 5780 1431 5826 supra
1466 5781 1514 5825 p.
1562 5767 1659 5811 76.-
1700 5766 1887 5812 enituit
1924 5765 2190 5812 Vnalamer
2228 5765 2341 5822 fide,
2388 5765 2694 5813 Theudimcr
2731 5766 2938 5827 pietate.

3274 5867 3380 5917 16*
