4882 6775
425 1638 481 1678 10

417 2153 479 2194 15

412 2668 478 2710 20

1993 504 2293 559 GE‘HCA.
3692 505 3765 563 61

513 688 793 754 Filemer
839 690 1071 757 dicitur
1114 691 1181 756 in
1226 698 1430 757 terras
1476 692 1663 758 Oium
1713 713 1973 759 emenso
2018 714 2206 758 amne
2252 692 2684 777 transposita,
2750 696 3035 774 optatum
3095 684 3275 774 potiti
3335 691 3565 755 solum.
3659 709 3778 754 nec
3820 687 3909 751 IV

515 813 692 857 mora
750 793 901 858 ilico
961 794 1048 859 ad
1104 802 1357 878 gentem
1405 796 1744 879 Spalorum
1804 796 2157 862 adveniunt
2214 802 2632 878 consertoque
2692 793 2940 880 proelio
3000 793 3330 859 victoriam
3383 791 3767 877 adipiscunt,

513 896 870 980 exindeque
929 897 1053 961 iam
1115 899 1294 964 velut
1350 899 1622 965 victores
1668 899 1753 965 ad
1801 907 2152 966 extremam
2199 899 2504 984 Scythiae
2564 904 2847 982 partem,
2914 918 3038 981 que
3084 898 3283 963 Ponto
3342 896 3503 961 mari
3563 895 3775 961 vicina

513 1004 644 1078 est,
713 1008 1079 1084 properant.
1173 1002 1713 1084 quemadmodum
1775 1010 1840 1069 et
1896 1003 1964 1069 in
2026 1003 2252 1088 priscis
2314 1022 2528 1067 eorum
2590 999 2979 1067 carminibus
3040 1021 3206 1084 pene
3262 1001 3495 1065 storicu
3540 999 3664 1063 ritu
3709 999 3772 1063 in

513 1122 845 1167 commune
892 1103 1223 1168 recolitur:
1301 1105 1469 1188 quod
1514 1112 1579 1171 et
1622 1105 1934 1172 Ablavius
1995 1106 2346 1191 descriptor
2392 1104 2743 1169 Gothorum
2804 1105 3018 1186 gentis
3079 1102 3379 1187 egregius
3438 1101 3777 1168 verissima

513 1204 871 1270 adtestatur
924 1204 1212 1271 historia.
1314 1208 1380 1272 in
1440 1229 1633 1291 quam
1696 1209 2080 1274 sententiam
2138 1215 2202 1275 et
2260 1207 2552 1273 nonnulli
2612 1226 2990 1273 consensere
3048 1206 3390 1271 maiorum:
3460 1206 3773 1289 Ioseppus

513 1328 763 1390 quoque
808 1309 1137 1374 annalium
1183 1312 1421 1377 relator
1463 1312 1840 1377 verissimus
1888 1312 2037 1377 dum
2084 1311 2323 1394 ubique
2368 1311 2662 1377 veritatis
2710 1315 3044 1377 conservet
3072 1309 3361 1390 regulam
3395 1317 3459 1373 et
3490 1308 3773 1391 origines

516 1430 851 1476 causarum
897 1433 939 1476 a
982 1412 1295 1498 principio
1340 1417 1652 1482 revolvat.
1745 1416 1909 1482 haec
1952 1436 2104 1481 vero
2147 1436 2316 1498 quae
2363 1415 2643 1480 diximus
2692 1414 2771 1479 de
2816 1419 3007 1497 gente
3055 1412 3407 1478 Gothorum
3460 1410 3777 1497 principia

516 1535 628 1580 cur
671 1515 992 1596 omiserit,
1042 1516 1444 1599 ignoramus:
1522 1518 1639 1585 sed
1683 1524 1864 1585 tantu
1912 1520 2149 1604 Mag-og
2194 1539 2413 1584 eorum
2461 1518 2660 1601 stirpe
2707 1535 3178 1598 comemorans,
3233 1514 3507 1599 Scythas
3555 1534 3667 1580 eos
3714 1521 3779 1580 et

522 1618 782 1684 natione
828 1625 894 1684 et
939 1621 1250 1686 vocabulo
1295 1622 1531 1686 asserit
1574 1624 2030 1707 appellatos¹).
2115 1622 2297 1687 cuius
2343 1620 2466 1686 soli
2511 1621 2839 1701 terminOS,
2893 1626 3238 1702 antequam
3285 1617 3464 1683 aliud
3508 1618 3593 1683 ad
3639 1638 3776 1683 me-

517 1721 695 1786 dium
741 1721 1158 1802 deducamus,
1212 1743 1478 1791 necesse
1524 1733 1642 1806 est,
1696 1733 1764 1790 ut
1807 1726 2044 1808 iacent,
2097 1726 2371 1791 edicere.

3821 1206 3901 1263 29

687 1823 953 1908 Scythia
997 1826 1053 1889 si
1097 1825 1356 1908 quidem
1403 1825 1789 1893 Germaniae
1834 1834 2003 1893 terre
2049 1828 2329 1894 confines
2375 1848 2451 1893 eo
2496 1834 2720 1909 tenus,
2788 1825 2900 1891 ubi
2945 1804 3110 1890 Ister
3169 1824 3367 1889 oritur
3410 1823 3620 1889 amnis
3664 1824 3770 1888 vel
3816 1824 3872 1889 V
3917 1828 3998 1887 30

517 1934 784 2011 stagnus
832 1926 1139 1993 dilatatur
1181 1928 1578 2013 MorsianuS,
1648 1931 1915 1997 tendens
1975 1952 2180 2013 usque
2238 1929 2323 1995 ad
2365 1929 2633 1995 flumina
2677 1930 2951 2014 Tyram,
3018 1928 3405 1993 Danastrum
3453 1934 3518 1993 et
3558 1928 3776 2009 Vago-

521 2032 757 2111 solam,
827 2015 1258 2116 ma‘gnumque
1315 2033 1434 2098 illu
1480 2034 1857 2119 Danaprum
1904 2037 2314 2117 Taurumque
2375 2040 2688 2112 montem,
2752 2053 2880 2097 non
2938 2031 3123 2097 illum
3169 2029 3401 2113 Asiae,
3465 2030 3583 2096 sed
3626 2049 3775 2115 pro-

516 2134 745 2219 prium,
798 2135 866 2200 id
911 2143 1010 2200 est
1054 2135 1446 2220 Scythicum,
1500 2158 1614 2223 per
1658 2158 1907 2204 omnem
1955 2137 2252 2203 Meotidis
2297 2137 2563 2217 aditum,
2616 2137 2911 2218 ultraque
2955 2135 3239 2202 Meotida
3282 2155 3397 2219 per
3440 2134 3774 2217 angustias
3869 2200 3872 2203 ,

517 2236 764 2301 Bosfori
812 2257 1013 2322 usque
1058 2238 1147 2304 ad
1177 2241 1538 2307 Caucasum
1584 2247 1863 2306 montem
1909 2261 2288 2324 amnemque
2320 2241 2600 2305 Araxem
2647 2259 2725 2305 ac
2768 2238 3005 2305 deinde
3050 2239 3116 2303 in
3163 2238 3489 2303 sinistram
3527 2243 3773 2322 partem

518 2340 760 2405 reflexa
817 2348 961 2425 post
1019 2362 1194 2408 mare
1247 2343 1587 2428 Caspium,
1651 2363 1819 2427 quae
1878 2344 1945 2409 in
2003 2343 2307 2408 extremis
2352 2342 2549 2408 Asiae
2607 2342 2841 2407 finibus
2898 2342 2979 2407 ab
3026 2342 3283 2408 Oceano
3344 2341 3647 2406 eoroboro
3705 2340 3771 2404 in

517 2444 774 2508 modum
827 2443 1011 2527 fungi
1041 2445 1316 2530 primum
1349 2447 1582 2527 tenuis,
1636 2453 1785 2531 post
1827 2446 1990 2511 haec
2033 2445 2351 2512 latissima
2395 2451 2461 2511 et
2506 2445 2777 2511 rotunda
2818 2445 3026 2510 forma
3069 2444 3354 2510 exoritur
3369 2445 3444 2526 2),
3497 2463 3772 2525 vergens

518 2547 602 2612 ad
646 2548 940 2629 Hunnus,
991 2548 1278 2613 Albanos
1325 2556 1389 2615 et
1418 2549 1609 2615 Seres
1655 2570 1859 2634 usque
1904 2548 2283 2633 digreditur.
2377 2548 2559 2628 haec,
2612 2548 2897 2631 inquam,
2949 2549 3177 2633 patria,
3229 2546 3302 2612 id
3346 2554 3447 2613 est
3474 2546 3764 2631 Scythia,

516 2651 708 2735 longe
754 2670 826 2716 se
869 2651 1146 2718 tendens
1191 2653 1451 2736 lateque
1496 2654 1828 2739 aperiens,
1880 2654 2078 2720 habet
2119 2654 2202 2719 ab
2247 2653 2493 2718 oriente
2538 2652 2766 2732 Seres,
2815 2653 2884 2717 in
2927 2650 3071 2737 ipso
3116 2651 3215 2716 sui
3259 2649 3572 2736 principio
3619 2650 3774 2714 litus

686 2912 809 2959 ΗΡ
837 2913 941 2961 VL
967 2915 1012 2960 A
1044 2913 1086 2960 Ο
1118 2913 1232 2975 (inc.
1280 2912 1339 2964 16
1377 2915 1690 2977 amnemque)
1722 2915 1766 2963 Β
1791 2915 1840 2962 Χ
1863 2913 2036 2977 (YZ).
2112 2915 2241 2964 Rev.
2282 2921 2343 2976 4,
2385 2918 2418 2964 5
2452 2930 2504 2975 p.
2549 2917 2647 2963 179
2684 2912 2750 2962 ad
2785 2931 2836 2963 v.
2880 2912 2971 2965 13:
3017 2919 3071 2962 et
3105 2915 3322 2974 desuper
3357 2914 3525 2974 ipsum
3560 2913 3774 2960 fluvium

518 2999 740 3061 Danapri
780 3035 794 3048 .
825 3036 837 3048 .
872 3035 884 3048 .
926 3004 1005 3048 est
1045 3035 1057 3048 .
1089 3036 1102 3048 .
1135 3035 1149 3049 .
1189 3002 1377 3050 fluvius
1411 3004 1661 3050 maximus
1697 3002 1912 3062 Tanais,
1962 3002 2086 3051 item
2122 3004 2311 3050 fluvius
2348 3002 2550 3061 Tiram,
2604 3003 2725 3048 item
2763 3000 3107 3061 Bagossolam:
3161 2999 3223 3048 de
3260 3000 3443 3061 quibus
3479 2998 3775 3046 fluminibus

515 3087 731 3132 testatur
766 3084 892 3134 mihi
927 3085 1150 3133 Iordanis
1185 3087 1594 3149 sapientissimus
1631 3088 2028 3149 cosmographus.
2105 3091 2154 3149 4,
2200 3091 2224 3135 1
2263 3103 2313 3148 p.
2360 3090 2460 3137 168
2504 3086 2632 3147 (inde
2675 3085 2837 3134 Guido
2869 3101 2922 3147 p.
2953 3086 3055 3135 552
3091 3085 3281 3145 Parth.)
3322 3084 3390 3131 ad
3414 3100 3463 3133 υ.
3497 3083 3589 3134 18:
3637 3084 3776 3147 (Scy-

515 3173 690 3234 thiam)
729 3172 951 3221 Iordanis
988 3173 1371 3235 cosmographus
1406 3177 1459 3222 in
1499 3174 1699 3222 modum
1735 3175 1882 3234 fungi
1919 3175 2155 3222 scaritum
2191 3188 2302 3222 esse
2339 3174 2486 3223 dixit.
2560 3172 2822 3232 freculfus
2863 3176 2908 3235 1,
2950 3174 3000 3234 2,
3041 3172 3105 3221 25
3143 3167 3257 3237 [16]
3300 3171 3384 3235 (ad
3419 3170 3451 3220 6
3488 3171 3769 3232 maiorum).

688 3293 708 3342 1
755 3289 966 3359 sslemer]
1004 3293 1211 3354 HPVL,
1252 3295 1433 3341 filimer
1458 3295 1600 3342 ABX
1608 3295 1649 3342 Y
1852 3308 1995 3343 ocum
2021 3296 2084 3358 A,
2125 3295 2261 3343 ouim
2286 3295 2331 3342 Β
2539 3294 2813 3356 tranposita
2838 3293 2890 3340 H
3094 3297 3318 3354 optatum
3342 3292 3499 3352 potita
3522 3291 3682 3339 solum
3707 3292 3770 3351 B,

514 3385 682 3443 optata
716 3381 863 3443 potiti
899 3386 1031 3429 terra
1067 3380 1112 3427 A
1322 3379 1353 3430 2
1390 3377 1700 3448 adipiscunt]
1737 3380 1890 3429 HPV
1921 3386 1965 3430 et
1987 3386 2045 3430 ut
2067 3379 2172 3430 vid.
2203 3381 2360 3444 Frec„
2402 3379 2751 3443 adipiscuntur
2788 3379 2979 3428 LABX
2987 3381 3026 3428 Y
3229 3378 3258 3428 3
3296 3383 3489 3440 partem
3522 3382 3629 3439 post
3666 3392 3777 3440 pro-

513 3475 691 3530 perant
727 3467 774 3514 A
981 3463 1157 3533 ponto]
1194 3466 1385 3515 HPVL
1415 3468 1575 3530 Erec„
1619 3469 1818 3531 pontico
1856 3467 2047 3514 ABXY
2250 3468 2372 3516 uina
2408 3469 2454 3514 A
2666 3467 2698 3516 4
2736 3463 2943 3532 storicu]
2981 3453 3210 3529 HPVIJ’,
3255 3467 3377 3515 stori
3414 3464 3501 3525 If,
3543 3465 3775 3514 historico

514 3552 705 3600 ABXY
907 3555 1026 3601 ritui
1063 3555 1109 3601 A
1349 3553 1379 3602 5
1415 3558 1468 3603 et
1502 3568 1597 3604 om.
1643 3553 1768 3600 A⁶X
1971 3551 2223 3620 ablauius]
2261 3554 2313 3599 H
2323 3554 2402 3602 VL
2433 3555 2593 3613 Frec„
2634 3552 2855 3601 ablauias
2891 3552 2953 3615 Β,
2995 3554 3226 3613 aplauius
3269 3543 3375 3612 ΡΑ,
3416 3551 3644 3599 ablabius
3682 3552 3729 3599 Χ
3742 3552 3781 3599 Υ

513 3639 545 3688 6
582 3640 819 3702 iosephus
842 3639 953 3699 ΒΧ,
993 3640 1220 3701 iosippus
1256 3640 1338 3686 YZ
1536 3641 1564 3689 7
1603 3654 1800 3702 quoque
1827 3655 1923 3689 om.
1950 3641 1999 3687 Χ
2008 3641 2047 3687 Υ
2239 3641 2492 3688 conseruit
2515 3640 2560 3686 Β
2757 3637 2788 3687 8
2824 3639 3042 3687 reuoluit
3065 3639 3110 3685 B
3307 3636 3339 3686 9
3376 3638 3634 3685 obmiserit
3660 3638 3704 3683 A

513 3731 662 3773 tantu
702 3721 898 3792 magog]
943 3729 1012 3774 sic
1047 3724 1149 3786 sere
1187 3725 1587 3790 Muellenhoffius
1624 3729 1679 3775 in
1723 3728 1901 3774 litteris
1949 3725 2015 3773 ad
2056 3740 2133 3774 me
2168 3743 2216 3774 a.
2262 3728 2394 3773 1864
2433 3726 2563 3774 datis
2598 3731 2646 3774 et
2682 3724 2970 3772 Gutschmid
3000 3740 3054 3786 p.
3103 3726 3198 3772 127
3235 3739 3293 3773 ez
3327 3724 3529 3785 Iosepho
3572 3724 3634 3784 (v.
3678 3725 3769 3785 i.):

511 3816 709 3860 tantum
755 3813 837 3875 (sic
874 3812 1076 3873 HPVL‚
1118 3818 1286 3861 tamen
1327 3812 1471 3860 ΑΒΧ
1482 3814 1542 3874 Υ)
1584 3814 1645 3861 ab
1680 3813 1771 3862 hoc
1805 3813 1911 3861 loco
1949 3812 2061 3860 libri
2306 3807 2487 3878 stirpe]
2525 3811 2682 3872 HPL,
2724 3812 2930 3874 stirpem
2967 3813 3057 3860 rel.
3305 3807 3666 3876 comemorans]
3703 3811 3770 3870 H,

511 3913 774 3948 commem.
812 3901 901 3948 rel.
1114 3913 1198 3947 eos
1234 3912 1329 3948 om.
1372 3900 1417 3946 Β
1652 3897 1713 3947 10
1752 3895 1868 3964 soli]
1904 3899 2020 3946 olim
2058 3898 2103 3945 Β
2310 3898 2558 3946 terminus
2597 3898 2641 3945 L
2870 3896 2927 3946 11
2969 3902 3028 3944 ut
3062 3899 3230 3946 iacent
3266 3892 3479 3963 edicere]
3517 3896 3769 3956 HPVBX,

518 3985 594 4047 (ut
628 3986 813 4047 iacent)
856 3984 1074 4033 ediscere
1115 3986 1174 4046 Z,
1224 3990 1285 4033 ut
1318 3987 1487 4034 iacent
1521 3984 1797 4033 edisserere
1842 3986 1895 4046 Y,
1936 3989 1996 4032 ut
2032 3984 2434 4033 nacentediceret
2470 3983 2531 4047 L,
2576 3991 2632 4032 ut
2670 3985 2866 4032 iaceant
2901 3985 3064 4032 dicere
3102 3983 3162 4043 Β,
3207 3985 3489 4032 adiacentes
3525 3984 3689 4032 dicere
3729 3985 3773 4030 A

515 4070 578 4120 12
615 4067 857 4138 confines]
893 4072 1102 4134 HPVL,
1144 4073 1352 4119 confinis
1389 4072 1579 4119 ABXY
1783 4077 1994 4121 eatenus
2032 4070 2168 4118 ΧΥΖ
2375 4071 2473 4118 iste
2506 4071 2549 4119 L
2795 4070 2855 4119 13
2894 4068 3126 4137 stagnus]
3162 4076 3215 4118 et
3250 4084 3401 4131 agnos
3439 4070 3499 4131 L,
3540 4075 3772 4129 stagnum

512 4156 706 4204 ABXY
930 4154 1233 4224 morsianus]
1270 4153 1898 4218 HPVLXZ,'mursianus
1945 4157 1997 4218 Υ,
2040 4159 2324 4205 musianum
2362 4157 2423 4220 B,
2467 4158 2761 4218 morsiamon
2800 4158 2844 4204 A
3076 4156 3256 4205 tedens
3292 4156 3366 4203 A‘
3592 4153 3774 4222 tyram]

509 4244 702 4302 thyram
730 4244 787 4306 P,
820 4245 998 4292 thiram
1024 4246 1086 4306 A,
1115 4244 1330 4293 tendens
1356 4245 1503 4292 tiram
1530 4243 1620 4304 If,
1649 4249 1780 4292 terra
1808 4244 1850 4290 Β
2045 4244 2266 4292 dastrum
2297 4244 2435 4291 ΧΥΖ
2645 4239 2955 4310 uagosolam]
2979 4244 3273 4303 ioagosolam
3302 4243 3347 4288 Β
3561 4241 3621 4291 14
3659 4239 3773 4307 illu]

509 4331 698 4391 scripsi,
739 4329 869 4377 illud
905 4330 1247 4393 HPVLXYZ,
1290 4332 1435 4379 iilum
1470 4331 1533 4391 Β,
1574 4330 1714 4378 alind
1751 4331 1792 4377 A
2071 4325 2371 4395 danaprum]
2407 4330 2688 4378 danubrum
2727 4330 2786 4390 B,
2829 4330 3124 4392 danapirum
3167 4330 3459 4391 (danaprum
3498 4328 3590 4390 A0)
3632 4315 3703 4374 Ab

509 4416 595 4464 sed
632 4416 887 4478 proprium
923 4431 1020 4465 om.
1061 4417 1105 4465 Β
1317 4417 1379 4466 15
1417 4418 1467 4465 id
1504 4414 1606 4483 est]
1641 4418 1776 4465 idem
1813 4417 1860 4464 B
2069 4417 2304 4464 sithicum
2344 4415 2387 4464 P
2593 4413 2808 4483 aditum]
2852 4418 3096 4464 ambitum
3133 4415 3277 4463 BXY
3484 4414 3544 4464 16
3581 4428 3769 4462 araxen

511 4501 555 4548 P
824 4504 878 4549 in
917 4505 1176 4552 sinistram
1211 4501 1425 4570 partem]
1464 4506 1515 4552 in
1555 4506 1759 4552 sinistra
1795 4508 1932 4565 parte
1972 4503 2127 4562 ΧΥΖ,
2170 4504 2372 4550 sinistra
2407 4509 2549 4564 parte
2592 4502 2681 4549 OB
2961 4502 3019 4550 17
3058 4497 3211 4568 quae]
3248 4502 3377 4563 quod
3417 4504 3479 4564 A,
3519 4515 3616 4550 om.
3658 4501 3701 4547 B

507 4591 564 4636 in
599 4601 697 4637 om.
729 4590 775 4636 A
980 4604 1163 4638 ozeano
1201 4591 1247 4637 P
1449 4587 1703 4657 eoroboro]
1740 4589 2080 4647 HPVLXYZ,
2122 4591 2359 4638 euroboro
2388 4587 2492 4650 OB,
2536 4590 2710 4636 eboreo
2736 4589 2780 4635 A
2999 4587 3056 4637 18
3091 4589 3237 4636 tenui
3275 4589 3320 4634 A
3537 4586 3597 4636 19
3633 4587 3769 4634 hun-

510 4669 634 4740 nus]
670 4673 781 4734 HP,
824 4674 1013 4724 hunnis
1046 4677 1102 4736 V,
1142 4676 1340 4725 hunnos
1378 4676 1533 4738 LBX,
1578 4689 1742 4725 unnos
1784 4675 1842 4738 0,
1886 4676 2046 4724 hunos
2085 4675 2181 4722 AY
2420 4689 2592 4724 serens
2630 4674 2731 4736 X‘,
2773 4688 2907 4723 seros
2945 4673 3011 4721 A¹
3287 4672 3352 4722 20
3390 4671 3491 4740 sui]
3530 4687 3619 4721 suo
3656 4674 3701 4722 L

508 4756 659 4825 litus]
695 4759 755 4807 ad
790 4760 915 4808 litus
952 4762 1014 4822 Β,
1055 4768 1168 4823 post
1203 4763 1326 4811 litus
1364 4763 1408 4809 A

691 4953 732 5015 1)
778 4955 1007 5016 Iosephus
1031 4958 1135 5001 ont.
1167 4958 1217 5013 1,
1245 4955 1296 5015 6,
1328 4957 1353 5001 1
1377 4970 1393 5000 .·
1430 4946 1694 5020 Μαγώγης
1727 4952 1932 5013 (Iopheti
1955 4952 2106 5015 silius)
2139 4948 2195 5001 δὲ
2218 4947 2339 5006 τοὺς
2364 4944 2459 5001 ἀπ’
2485 4947 2640 5001 αὐτοῦ
2665 4944 2925 5018 Μαγώγας
2953 4946 3332 5017 ὀνομασθέντας
3359 4937 3533 5015 ᾤκισε,
3563 4943 3769 5005 Σκύθας

510 5037 566 5090 δὲ
604 5036 692 5090 ὑπ’
737 5037 904 5090 αὐτῶν
947 5043 996 5102 (α
1028 5039 1239 5100 Graecis)
1285 5035 1838 5108 προσαγορευομένους.
1913 5036 1983 5098 cs.
2014 5037 2237 5086 Isidorus
2263 5037 2403 5086 Goth.
2434 5036 2575 5085 laud.
2605 5050 2648 5086 c.
2676 5039 2744 5084 66
2778 5038 2851 5096 (ez
2881 5036 3193 5086 Cassiodorio
3206 5037 3283 5096 ?):
3325 5035 3598 5084 Gothorum
3636 5035 3768 5084 anti-

509 5129 761 5190 quissima
795 5129 929 5188 origo
965 5126 1027 5173 de
1063 5126 1234 5185 Magog
1271 5125 1377 5173 filio
1413 5126 1593 5186 laphet
1629 5125 1758 5184 fuit,
1814 5125 1951 5173 unde
1987 5129 2040 5174 et
2077 5122 2369 5184 Scytharum
2408 5138 2571 5184 genus
2606 5124 2811 5172 extitit:
2866 5137 2977 5170 nam
3014 5123 3166 5171 iidem
3205 5122 3354 5170 Gothi
3390 5120 3619 5181 Scythica
3653 5135 3769 5184 pro-

495 5216 698 5261 ,bantur
743 5214 935 5272 origine
983 5214 1098 5261 sati.
1172 5212 1308 5260 unde
1358 5226 1450 5259 nec
1493 5211 1639 5270 longe
1684 5227 1712 5258 a
1761 5212 1997 5259 vocabulo
2045 5210 2360 5273 discrepant:
2414 5210 2672 5258 demutata
2708 5212 2844 5257 enim
2881 5224 2936 5257 ac
2971 5210 3192 5258 detracta
3228 5209 3393 5256 littera
3429 5208 3586 5256 Getae
3622 5211 3769 5270 quasi

511 5299 725 5358 Scythae
763 5305 884 5347 sunt
919 5298 1214 5361 nuncupati.
1291 5301 1406 5345 item
1443 5303 1587 5360 etym.
1632 5299 1679 5360 9,
1726 5301 1772 5356 1,
1816 5299 1880 5344 27
1901 5314 1916 5344 .·
1965 5296 2138 5357 Magog
2187 5312 2214 5343 a
2259 5311 2355 5359 quo
2404 5296 2608 5358 quidam
2659 5297 2965 5344 arbitrantur
3003 5294 3209 5354 Scythas
3246 5300 3298 5342 et
3335 5293 3521 5344 Gothos
3556 5295 3771 5343 traxisse

508 5387 773 5445 originem.
848 5384 1024 5433 ibidem
1059 5398 1101 5433 e.
1130 5387 1231 5432 89:
1270 5383 1420 5431 Gothi
1458 5399 1487 5431 a
1524 5383 1698 5444 Magog
1735 5384 1838 5431 filio
1873 5383 2050 5444 Iaphet
2086 5383 2328 5431 nominati
2365 5387 2610 5444 putantur
2646 5382 2710 5430 de
2747 5381 3085 5430 similitudine
3122 5380 3331 5428 ultimae
3367 5381 3600 5443 syllabae,
3644 5394 3769 5441 quos

508 5477 706 5519 veteres
754 5473 915 5530 magis
964 5471 1116 5519 Getas
1163 5484 1311 5531 quam
1363 5469 1550 5518 Gothos
1598 5473 1917 5518 vocaverunt.
1989 5471 2187 5529 respicit
2235 5468 2457 5516 Isidorus
2507 5468 2862 5530 Hieronymum
2905 5472 3085 5529 quaest.
3141 5466 3287 5515 Hebr.
3340 5469 3393 5513 in
3447 5465 3569 5517 Gen.
3612 5467 3694 5528 20,
3738 5467 3770 5513 2

515 5557 568 5619 (3
600 5572 655 5618 p.
691 5560 795 5606 318
843 5556 990 5618 Van.)
1033 5560 1078 5604 et
1113 5557 1180 5604 ad
1217 5556 1387 5605 Ezech.
1428 5556 1464 5604 l.
1507 5558 1568 5602 11
1614 5554 1664 5616 (5
1698 5570 1750 5616 p.
1783 5556 1882 5605 405
1919 5555 2090 5617 ναίω,
2134 5558 2219 5616 qui
2255 5559 2419 5603 tamen
2457 5554 2764 5602 Ambrosium
2807 5553 2880 5612 (de
2916 5552 3009 5614 fide
3046 5553 3094 5612 2,
3136 5554 3215 5612 16,
3262 5553 3377 5610 138)
3419 5551 3769 5613 reprehendens

506 5648 660 5704 neyat
697 5643 799 5703 Goy
836 5643 971 5704 apud
1009 5643 1301 5691 Ezechielem
1336 5642 1393 5690 de
1431 5641 1597 5689 Gothis
1631 5641 1977 5703 accipiendum
2012 5655 2128 5703 esse,
2172 5645 2321 5690 immo
2366 5640 2546 5688 Gothos
2582 5641 2771 5689 eosdem
2804 5653 2903 5687 esse
2937 5645 3075 5702 otqtoe
3115 5639 3279 5688 Getas.

685 5728 734 5790 2)
776 5728 847 5790 cf.
893 5727 1232 5778 Cassiodorius
1265 5743 1370 5778 vor.
1407 5731 1457 5792 ³,
1491 5730 1589 5777 ⁴8.-
1636 5729 1855 5792 (montis)
1896 5730 1998 5776 ima
2032 5729 2288 5789 graciliora
2324 5734 2448 5778 sunt
2482 5741 2629 5792 quam
2668 5728 2926 5776 cacumina
2961 5732 3012 5776 et
3047 5727 3101 5777 in
3137 5726 3412 5776 mollissimi
3449 5726 3592 5788 {ungi
3631 5725 3769 5777 modo

505 5817 747 5880 superius
784 5816 1096 5877 extenditur,
1137 5829 1252 5864 cum
1286 5817 1524 5865 inferiore
1560 5820 1699 5878 parte
1737 5821 1994 5865 tenuetur.

3819 2550 3889 2611 31
