4882 6775
1130 489 1210 548 72
1483 451 1489 457 ⁶
2578 485 2937 539 loRDAms

1030 676 1092 739 X
1137 696 1251 740 rex
1281 676 1642 757 Persarum,
1693 676 2040 759 Hystaspis
2084 674 2275 756 filius,
2328 675 2580 759 Antyri,
2632 676 2805 760 regis
2837 676 3209 756 Gothorum,
3261 674 3458 740 filiam
3488 676 3555 740 in
3586 676 3984 740 matrimonio
4013 676 4377 760 postulavit,

1129 798 1364 861 rogans
1422 779 1661 862 pariter
1720 785 1912 861 atque
1972 779 2333 858 deterrens,
2397 777 2525 842 nisi
2587 797 2770 842 suam
2833 786 3217 862 peragerent
3266 779 3679 843 voluntatem.
3778 779 3958 843 cuius
4003 778 4377 843 affinitatem

1130 881 1323 946 Gothi
1371 889 1785 965 spernentes,
1854 881 2240 963 legationem
2304 881 2445 945 eius
2507 880 2912 945 frustrarunt.
3006 881 3113 963 qui
3159 882 3458 965 repulsus
3504 881 3722 946 dolore
3766 880 4132 946 flammatus
4177 889 4276 946 est
4319 889 4382 946 et

1133 1002 1260 1047 nec
1307 983 1486 1047 milia
1531 990 1917 1048 armatorum
1964 989 2186 1047 contra
2228 983 2407 1067 ipsos
2454 983 2759 1067 produxit
2802 984 3173 1064 exercitum,
3226 983 3678 1049 verecundiam
3713 1004 3894 1048 suam
3925 984 4096 1048 malo
4126 984 4380 1068 publico

1132 1086 1460 1151 vindicare
1507 1086 1936 1165 contendens;
2004 1086 2403 1169 navibusque
2462 1080 2629 1170 pene
2691 1107 2732 1150 a
2776 1086 3189 1152 Chalcedona
3246 1105 3447 1168 usque
3507 1087 3594 1152 ad
3638 1086 3999 1151 Bizantium
4058 1086 4124 1151 in
4177 1086 4382 1151 instar
4418 1107 4442 1143 5

1133 1189 1411 1272 pontium
1474 1190 1781 1255 tabulatis
1840 1196 2031 1273 atque
2091 1188 2400 1255 consertis
2461 1189 2804 1255 Thraciam
2863 1191 3024 1274 petit
3079 1197 3144 1255 et
3185 1190 3530 1269 Moesiam3
3599 1198 3981 1274 pontemque
4041 1209 4257 1255 rursus
4315 1190 4379 1254 in

1132 1292 1426 1355 Danubio
1473 1292 1612 1376 pari
1657 1291 1845 1357 modo
1891 1298 2318 1358 constructum
2366 1292 2616 1385 duobus
2662 1293 2991 1358 mensibus
3037 1293 3277 1358 crebris
3322 1292 3631 1375 fatigatus
3675 1293 3744 1357 in
3788 1293 3989 1376 Tapis
4034 1312 4161 1357 v111
4205 1292 4382 1358 milia

1130 1394 1411 1477 perdidit
1454 1402 1864 1477 armatorum,
1915 1395 2314 1476 timensque,
2367 1416 2449 1460 ne
2495 1414 2656 1479 pons
2701 1396 2985 1460 Danubii
3030 1396 3115 1461 ab
3161 1396 3301 1460 eius
3346 1395 3741 1460 adversariis
3787 1402 4223 1480 occuparetur,
4276 1415 4381 1459 ce-

1129 1496 1248 1580 leri
1294 1497 1451 1578 fuga
1495 1497 1565 1561 in
1610 1497 1888 1562 Thracia
1932 1496 2270 1582 repedavit
2296 1501 2378 1580 ¹),
2443 1517 2563 1563 nec
2605 1499 2858 1583 Mysiae
2919 1500 3126 1563 solum
3173 1498 3296 1562 sibi
3342 1497 3611 1564 credens
3656 1504 3858 1563 tutum
3906 1498 4042 1563 fore
4088 1498 4383 1580 aliquan-

1005 1604 1082 1664 64
1130 1600 1335 1665 tulum
1395 1601 1781 1665 remorandi.
1874 1608 2019 1685 post
2078 1602 2259 1683 cuius
2315 1588 2654 1667 decessum
2711 1591 2940 1666 iterum
2999 1603 3242 1667 Xerses
3300 1600 3473 1666 filius
3542 1600 3681 1666 eius
3747 1607 4049 1684 paternas
4113 1600 4381 1665 iniurias
4420 1619 4473 1660 ιο

1130 1702 1351 1767 ulcisci
1418 1722 1488 1768 se
1556 1703 1941 1785 aestimans,
2031 1725 2175 1769 cum
2249 1724 2368 1769 sua
2443 1706 2854 1789 septingenta
2920 1712 2985 1771 et
3049 1702 3461 1769 auxiliarium
3529 1723 3652 1770 ccc
3718 1702 3900 1769 milia
3953 1711 4372 1785 armatorum,

1129 1814 1433 1872 rostratas
1479 1828 1679 1872 naves
1725 1808 1904 1872 mille
1949 1808 2294 1890 ducentas,
2363 1810 2691 1873 onerarias
2735 1809 2859 1874 tria
2902 1808 3085 1873 milia
3101 1811 3189 1891 2),
3258 1828 3450 1892 super
3494 1807 3738 1872 Gothos
3798 1805 3882 1870 ad
3940 1807 4184 1871 bellum
4237 1827 4383 1890 pro-

1127 1908 1334 1974 fectus
1379 1930 1498 1976 nec
1543 1915 1857 1994 temptare
1903 1911 1968 1974 in
2015 1910 2308 1977 conflictu
2354 1911 2735 1996 praevaluit,
2789 1931 3007 1976 eorum
3052 1911 3457 1977 animositate
3504 1917 3570 1976 et
3611 1910 3971 1975 constantia
4015 1916 4375 1993 superatus.

1008 2016 1087 2077 65
1137 2012 1228 2077 sic
1275 2033 1550 2096 namque
1597 2020 1666 2078 ut
1708 2022 2003 2095 venerat,
2070 2016 2314 2096 absque
2374 2015 2592 2097 aliquo
2649 2014 2994 2080 certamine
3049 2033 3164 2078 suo
3209 2034 3353 2079 cum
3399 2015 3619 2078 robore
3665 2013 3952 2077 recessit.
4045 2012 4381 2097 Philippus

1128 2135 1400 2197 quoque,
1457 2122 1640 2199 pater
1668 2117 2024 2183 Alexandri
2055 2118 2294 2200 Magni,
2349 2139 2493 2183 cum
2525 2117 2754 2182 Gothis
2798 2116 3116 2182 amicitias
3161 2119 3469 2201 copulans
3513 2116 3851 2199 Medopam
3885 2115 4166 2180 Gudilae
4211 2114 4380 2198 regis
4422 2134 4475 2174 ιε,

1127 2217 1325 2283 filiam
1385 2219 1635 2303 accepit
1690 2239 1986 2292 uxorem,
2055 2229 2126 2286 ut
2182 2222 2296 2285 tali
2355 2220 2672 2286 affinitate
2731 2214 3063 2285 roboratus
3124 2220 3536 2286 Macedonum
3599 2239 3800 2302 regna
3857 2217 4159 2285 firmaret.
4254 2238 4381 2300 qua

1128 2327 1510 2406 tempestate
1556 2322 1680 2388 Dio
1727 2323 1958 2390 storico
2005 2324 2256 2391 dicente
2302 2324 2640 2410 Philippus
2682 2325 2902 2410 inopia
2946 2324 3258 2409 pecuniae
3303 2342 3555 2408 passus,
3609 2320 4070 2406 Odyssitanam
4100 2321 4380 2387 Moesiae

1300 2701 2036 2763 HPVLAOBx(rz›.

1307 2857 1327 2905 1
1369 2858 1584 2919 isdaspis
1621 2859 1681 2919 X,
1731 2859 1970 2920 hydaspis
2019 2858 2056 2905 Y
2259 2856 2447 2926 antyri]
2482 2859 2718 2907 HPVLX
2752 2864 2798 2907 et
2841 2859 3043 2909 Orosius
3086 2860 3212 2921 (vids
3247 2859 3428 2921 infra),
3467 2859 3665 2918 anthyri
3708 2859 3765 2919 Z,
3808 2860 3962 2907 antiri
3998 2861 4060 2913 A.
4102 2860 4287 2908 authiri
4336 2860 4374 2921 Y,

1129 2945 1376 3002 atriregiri
1419 2943 1478 3006 Ο,
1520 2946 1806 3006 antriregiri
1844 2946 1888 2992 Β
2118 2946 2492 2995 matrimonium
2532 2946 2673 2994 ΑΘΒ
2904 2948 3252 3008 expostulauit
3294 2946 3384 2993 OB
3627 2944 3656 2993 2
3693 2942 3973 3011 deterrens]
4009 2945 4258 3007 AOBXY,
4300 2946 4381 2993 de·

1129 3043 1339 3078 cernens
1376 3029 1564 3078 HPVL
1837 3037 2096 3092 perageret
2132 3032 2176 3079 L
2453 3032 2484 3081 3
2522 3032 2804 3081 frustarunt
2842 3031 2913 3080 0⁸
3188 3028 3375 3097 dolore]
3412 3033 3579 3080 furore
3621 3031 3709 3078 OB
3962 3033 4303 3079 inflammatus
4340 3033 4381 3078 A

1130 3116 1162 3163 4
1199 3113 1321 3182 noc]
1354 3119 1600 3177 octoginta
1640 3117 1728 3165 ΟΒ
1935 3118 2130 3165 milium
2168 3120 2217 3166 Χ
2421 3120 2673 3167 exercitus
2710 3120 2756 3166 A
2988 3119 3187 3181 puplico
3229 3119 3271 3165 Ο
3503 3118 3532 3165 5
3571 3131 3701 3180 pene
3736 3130 3834 3167 om.
3876 3119 3922 3165 A
4130 3132 4159 3166 a
4194 3117 4384 3165 chalce-

1127 3203 1255 3251 dono
1296 3203 1357 3266 P,
1396 3219 1424 3251 a
1460 3204 1743 3251 calcedonia
1778 3204 1837 3265 Β,
1880 3218 1908 3251 a
1944 3203 2206 3251 calcedone
2244 3205 2306 3265 A,
2347 3205 2405 3252 ad
2445 3203 2769 3253 calcidoniam
2813 3203 2856 3249 Ο
3120 3199 3423 3269 bizantium]
3459 3204 3513 3250 H
3522 3203 3657 3251 VLX
3666 3201 3752 3266 2Y,
3792 3204 4076 3251 bizanzium
4112 3204 4171 3265 P,
4214 3204 4383 3251 bizan-

1128 3290 1264 3336 cium
1301 3289 1463 3352 AOB,
1500 3290 1775 3337 bizantiam
1813 3286 1882 3336 X¹
2089 3291 2144 3337 in
2171 3286 2355 3355 instar]
2394 3289 2599 3351 HPVO,
2642 3292 2804 3337 instar
2838 3289 3119 3336 LABXYZ
3325 3290 3357 3338 6
3394 3290 3576 3337 tabulis
3614 3290 3660 3336 A
3867 3284 4040 3354 atque]
4078 3303 4237 3350 aeque
4274 3290 4319 3336 B

1129 3376 1330 3428 misiam
1375 3374 1417 3422 0
1624 3380 1879 3437 ponteque
1915 3376 1959 3423 Β
2167 3375 2195 3424 7
2235 3381 2516 3424 constructo
2553 3375 2644 3422 AB
2852 3376 3109 3424 mensibus
3145 3389 3242 3425 om.
3274 3374 3337 3422 A¹
3547 3376 3743 3434 fatigati
3784 3373 3827 3422 Ο
4034 3376 4086 3423 in
4125 3371 4282 3441 tapis]
4322 3374 4378 3436 Ο,

1128 3463 1181 3508 in
1217 3462 1383 3522 taphis
1421 3462 1718 3524 HPVLAB,
1759 3464 1814 3509 in
1853 3462 2048 3523 scaphis
2087 3463 2224 3510 XYZ
2430 3459 2553 3528 vm]
2591 3462 2732 3510 hocto
2774 3460 2832 3522 Ο,
2876 3463 2954 3509 uii
2993 3464 3036 3508 A
3248 3459 3279 3509 8
3314 3461 3550 3523 perdedit
3587 3447 3727 3519 PbO,
3769 3461 3937 3522 perdit
3974 3461 4019 3507 Β
4228 3477 4381 3511 arma-

1128 3555 1281 3596 torem
1324 3546 1418 3611 1³⁶,
1457 3555 1732 3596 amatorum
1775 3548 1817 3595 Ο
2025 3561 2090 3596 ne
2126 3545 2278 3614 pons]
2314 3561 2467 3609 nepos
2508 3546 2579 3596 0⁶
2785 3548 3004 3596 danubio
3045 3546 3088 3594 Ο
3296 3549 3406 3596 eius
3443 3561 3540 3596 om.
3570 3547 3662 3594 LA
3907 3546 3938 3596 9
3977 3544 4187 3614 thracia]
4224 3547 4378 3609 HPV,

1127 3633 1316 3681 trachia
1352 3634 1606 3695 1,,,ιηοίι
1647 3633 1704 3696 Ο,
1747 3633 2029 3692 t(h}raciam
2069 3633 2255 3681 ABXY
2289 3625 2292 3628 ’
2460 3635 2713 3696 repetauit
2752 3632 2833 3680 P⁰
3067 3630 3279 3699 mysiae]
3315 3631 3426 3696 ΗΡ,
3470 3634 3648 3682 misiae
3684 3633 3838 3695 LOY,
3882 3635 4065 3681 mesiae
4104 3634 4218 3696 AV,
4257 3647 4386 3682 moe-

1128 3720 1231 3767 siae
1266 3720 1328 3782 Β,
1373 3723 1588 3769 maesiae
1626 3721 1674 3768 X
1914 3721 2013 3768 sibi
2050 3715 2146 3785 cr.]
2182 3733 2246 3766 en
2292 3722 2386 3780 (est
2427 3718 2520 3782 0⁶)
2559 3721 2657 3767 sibi
2702 3719 2759 3782 O,
2803 3732 2870 3768 cr.
2914 3720 3012 3766 sibi
3050 3719 3096 3765 Β
3337 3721 3445 3768 fore
3479 3732 3575 3768 om.
3605 3718 3679 3767 ΖΡ
3920 3720 4236 3780 aliquantum
4276 3722 4318 3766 A

1135 3805 1195 3854 10
1233 3805 1508 3853 discessum
1551 3805 1593 3852 Ο
1857 3818 2029 3853 xerses
2068 3801 2133 3871 12]
2170 3804 2419 3866 HLABY,
2463 3817 2646 3853 xerxes
2682 3805 2721 3854 f.
2765 3805 2918 3861 PVX,
2959 3819 3047 3852 sex
3087 3806 3244 3853 fllium
3289 3804 3331 3851 Ο
3614 3804 3669 3853 11
3712 3806 3889 3853 ulcisci
3928 3802 4004 3872 se]
4042 3807 4284 3853 ulciscere
4321 3806 4378 3864 L,

1129 3892 1314 3939 ulcisce
1357 3890 1421 3953 Ο,
1459 3892 1630 3939 ulcisci
1669 3891 1714 3937 B
1981 3904 2098 3940 suas
2134 3893 2448 3951 septinginta
2489 3890 2549 3951 Ο,
2593 3892 2701 3938 suis
2739 3892 3080 3951 septingentis
3118 3891 3322 3948 ΒΧΥΖ,
3365 3903 3565 3938 suorum
3602 3891 3689 3939 dcc
3725 3892 3769 3938 A
4042 3888 4387 3957 auxiliarium]

1130 3976 1182 4023 H
1192 3963 1315 4034 VI),
1355 3977 1652 4025 auxiliarum
1681 3975 1738 4037 Ρ,
1780 3977 2046 4024 auxiliaria
2072 3975 2159 4036 L‘,
2203 3977 2489 4024 auxiliariis
2524 3976 2680 4036 XYZ,
2723 3977 3064 4024 ausiliatorum
3104 3978 3162 4035 A,
3207 3977 3506 4024 auxiliorum
3545 3977 3604 4038 Β,
3647 3979 3892 4025 auxilium
3934 3976 3977 4024 Ο
4187 3978 4386 4026 milibus

1131 4062 1365 4109 ABXYZ
1571 4067 1872 4110 armatorum
1907 4076 2002 4111 om.
2035 4062 2081 4108 X
2093 4062 2173 4109 YZ
2387 4061 2450 4110 12
2487 4067 2719 4110 rostratas
2762 4063 3020 4122 (restratus
3052 4061 3111 4122 Ο)
3154 4059 3334 4128 naues]
3368 4077 3407 4110 r.
3453 4076 3608 4112 naues
3646 4063 3837 4111 habens
3873 4062 3937 4123 Β,
3977 4065 4205 4112 rostratis
4244 4064 4385 4112 naui-

1129 4151 1224 4196 bus
1262 4149 1448 4196 AXYZ
1729 4145 1892 4215 mille]
1925 4149 2044 4196 mile
2079 4148 2218 4196 mille
2264 4148 2361 4208 (sic)
2407 4148 2452 4194 A
2713 4144 2980 4213 ducentas]
3016 4148 3251 4195 ducentis
3289 4148 3443 4206 XYZ,
3485 4149 3757 4196 duocentas
3799 4147 3904 4209 PL,
3944 4164 3997 4197 cc
4035 4150 4097 4205 A,
4138 4155 4193 4197 et
4232 4148 4320 4196 OB

1128 4236 1370 4282 onerarias
1416 4235 1711 4296 (honorarias
1754 4233 1841 4297 0⁰,
1885 4235 2165 4283 honerarias
2208 4220 2291 4296 0¹²,
2333 4235 2530 4281 onerias
2564 4232 2656 4293 B‘)
2698 4234 2796 4281 tria
2830 4231 2996 4300 milia]
3049 4235 3266 4282 oneratis
3303 4235 3464 4280 tribus
3501 4234 3704 4282 milibus
3741 4235 3898 4295 XYZ,
3956 4236 4292 4284 onerariarum
4320 4219 4385 4284 ᾖ

1128 4322 1174 4368 A
1416 4321 1564 4381 gotho
1602 4323 1648 4369 A
1889 4321 2017 4381 prof.
2057 4321 2119 4368 ad
2159 4320 2277 4367 bell.
2327 4319 2529 4379 OBXY,
2582 4322 2708 4381 prof.
2749 4321 2793 4366 A
3077 4318 3137 4368 13
3175 4321 3459 4367 conflictum
3503 4318 3545 4365 Ο
3785 4318 4036 4387 praeual.]
4075 4322 4243 4371 naluit
4276 4322 4321 4369 L

1128 4420 1297 4454 eorum
1335 4422 1431 4456 om.
1472 4407 1561 4455 OB
1793 4411 1844 4454 et
1880 4401 2180 4472 constantia]
2218 4407 2498 4453 constantia
2541 4404 2601 4467 Ο,
2642 4407 2950 4453 constantiae
2987 4406 3030 4452 B
3267 4405 3328 4454 14
3365 4408 3564 4453 uenerit
3604 4404 3646 4451 Ο
3854 4407 4042 4468 absque
4076 4405 4268 4474 aliquo]
4303 4409 4385 4455 ab·

1128 4493 1270 4543 sidus
1308 4495 1434 4541 alico
1477 4493 1519 4539 Ο
1726 4507 1841 4540 cum
1878 4506 1967 4539 sno
2006 4491 2105 4538 ΧΥ
2305 4487 2500 4557 robore]
2540 4490 2963 4551 HPVLOWXY,
3005 4493 3183 4539 rubore
3219 4477 3334 4538 B⁶A
3547 4491 3610 4539 15
3648 4494 3923 4541 amicitiam
3961 4494 4007 4540 A
4215 4495 4381 4541 medo-

1127 4575 1263 4644 pam]
1300 4576 1594 4638 PVLAOB‚
1636 4578 1892 4625 medorum
1930 4577 2147 4624 HXYZ:
2186 4570 2348 4644 Μήδα
2382 4575 2590 4640 Satyrus
2625 4576 2761 4637 apud
2798 4577 3107 4625 Athenaeum
3144 4578 3230 4637 13,
3269 4580 3300 4626 5
3335 4591 3388 4636 p.
3419 4563 3550 4626 557⁶
3826 4575 4047 4645 gudilae]
4084 4578 4379 4640 HPVXYZ,

1127 4665 1300 4725 gudile
1336 4665 1398 4730 Iis
1452 4665 1613 4727 gadile
1651 4666 1715 4723 A,
1766 4663 1953 4723 gothilo
1996 4662 2115 4710 ΟΒ.·
2161 4656 2413 4730 Κοθήλας
2451 4658 2479 4712 ὁ
2513 4668 2617 4712 τῶν
2655 4658 2870 4729 Θρᾳκῶν
2908 4659 3141 4729 βασιλεύς
3179 4661 3386 4723 Satyrus
3422 4664 3455 4711 l.
3496 4676 3541 4711 c.
3606 4660 3676 4722 cf.
3720 4664 3823 4712 Iac.
3865 4666 4053 4712 (iv-imm
4088 4668 4143 4713 in
4180 4666 4385 4725 Hauptit'

1129 4750 1412 4810 zeitschrift
1450 4753 1496 4811 7,
1537 4752 1638 4800 396
1888 4751 1963 4799 nl.
2002 4762 2104 4809 reg.
2153 4748 2243 4796 OB
2473 4747 2532 4796 17
2571 4748 2835 4797 diostorico
2873 4747 3079 4808 HPVL,
3121 4747 3203 4796 dio
3240 4748 3649 4809 hi(vely)storico
3687 4749 3970 4797 AOBXYZ
4193 4748 4382 4817 inopis]

1128 4838 1339 4898 HPVO,
1378 4838 1598 4898 inopiam
1635 4837 1780 4885 ABX
1789 4836 1843 4899 Y,
1881 4837 1964 4883 ino
2000 4836 2217 4896 inopiam
2256 4833 2300 4881 L
2576 4831 2939 4900 odyssitanam]
2978 4833 3091 4897 ΗΡ,
3130 4835 3457 4883 odissitanam
3503 4834 3604 4896 VX,
3648 4835 3947 4885 odisitanam
3984 4837 4046 4899 L,
4085 4837 4383 4886 udisitanam

1135 4923 1241 4982 OB,
1283 4923 1565 4971 odissatana
1602 4924 1665 4982 A,
1706 4922 1998 4970 dissitanam
2042 4920 2097 4981 Y,
2137 4921 2423 4969 dissitanim
2464 4922 2507 4968 Z
2715 4922 2900 4968 mesiae
2939 4920 3035 4968 AO

1308 5181 1354 5240 1)
1401 5179 1601 5228 Orosius
1639 5183 1687 5243 2,
1730 5183 1793 5228 8.·
1851 5181 2034 5228 Darius
2074 5214 2088 5229 .
2119 5214 2134 5228 .
2165 5215 2178 5229 .
2219 5179 2409 5238 Antyro
2448 5179 2554 5237 regi
2592 5176 2887 5237 Scytharum
2923 5179 3013 5226 hac
3049 5178 3128 5225 vel
3166 5179 3383 5226 maxime
3419 5191 3566 5226 causa
3600 5178 3789 5225 bellum
3824 5180 4029 5241 intulit,
4089 5182 4219 5242 quod
4255 5181 4382 5228 filiae

1129 5267 1240 5314 eius
1286 5268 1474 5328 petitas
1524 5267 1622 5314 sibi
1675 5267 1881 5326 nuptias
1930 5279 2028 5313 non
2078 5265 2389 5313 obtinuisset
2428 5300 2441 5314 .
2477 5299 2491 5313 .
2524 5299 2538 5314 .
2580 5278 2692 5311 cum
2742 5265 3076 5325 septingentis
3114 5264 3320 5311 milibus
3357 5268 3654 5311 armatorum
3693 5264 3945 5322 Scythiam
3983 5266 4241 5325 ingressus
4279 5300 4292 5315 .
4322 5300 4335 5314 .
4364 5299 4377 5314 .

1130 5358 1375 5407 metuens,
1420 5365 1483 5399 ne
1520 5353 1619 5400 sibi
1656 5352 1853 5400 reditus
1889 5352 2168 5412 interrupto
2205 5356 2357 5412 ponte
2394 5350 2554 5399 Histri
2592 5352 2818 5398 fluminis
2857 5356 3140 5410 negaretur,
3184 5351 3385 5398 amissis
3422 5363 3565 5397 Lxxx
3602 5350 3812 5398 milibus
3844 5351 4137 5399 bellatorum
4162 5352 4382 5415 trepidus

1128 5439 1334 5498 refugit.
1409 5444 1636 5499 cor-rupta
1671 5439 1835 5499 forma
1872 5440 2096 5495 Antyrus
2132 5436 2343 5486 ostendit
2377 5450 2434 5484 ex
2471 5437 2558 5484 hoc
2593 5438 2696 5484 loco
2734 5437 3000 5485 Iordanem
3031 5435 3256 5497 pendere,
3297 5450 3401 5484 non
3436 5450 3493 5482 ca·
3528 5437 3781 5484 simillimo
3819 5436 4003 5485 Iustina·
4033 5438 4080 5493 2,
4116 5441 4165 5499 5,
4194 5440 4377 5498 8-10,

1126 5523 1210 5570 ubi
1242 5526 1408 5571 minus
1444 5529 1667 5583 corrupte
1703 5524 1950 5581 Iamtyrus
1987 5522 2226 5570 traditum
2260 5528 2346 5571 est.
2421 5522 2561 5584 apud
2597 5522 2902 5570 Herodotum
2944 5523 3009 5581 (v.
3049 5520 3154 5570 ind.
3196 5533 3350 5582 ηοω.)
3394 5522 3569 5581 leyitur
3603 5516 3943 5588 Ἰδάνθυρσος.

1300 5608 1352 5670 2)
1399 5608 1601 5657 Orosius
1637 5611 1684 5670 2,
1726 5610 1756 5656 9
1779 5625 1794 5654 .·
1846 5609 2043 5657 Xerxes
2088 5609 2283 5669 (scilieet
2326 5608 2587 5656 Graeciam
2624 5607 2880 5670 invadens)
2924 5609 3245 5669 septingenta
3282 5608 3417 5655 milia
3453 5613 3751 5655 armatorum
3790 5608 3852 5656 de
3889 5623 4042 5669 regno
4079 5616 4134 5658 et
4166 5616 4382 5658 trecenta

1129 5694 1269 5742 milia
1306 5694 1368 5743 de
1406 5695 1641 5755 auxiliis,
1691 5698 1929 5742 rostratas
1964 5695 2113 5742 etiam
2150 5707 2305 5743 naves
2343 5694 2481 5742 mille
2520 5694 2777 5757 ducentas,
2819 5696 3070 5742 onerarias
3105 5699 3272 5741 autem
3310 5695 3409 5741 tria
3445 5694 3584 5741 milia
3623 5707 3827 5742 numero
3865 5695 4100 5742 habuisse
4137 5701 4375 5745 narratur.

1127 5780 1199 5841 cf.
1246 5782 1473 5829 lustinus
1511 5783 1559 5840 2,
1603 5783 1686 5841 10,
1732 5781 1952 5830 18—20.
