4882 6775
712 667 906 731 XXX
960 669 1079 731 153

970 1083 1086 1141 154

968 1596 1085 1656 155

965 2317 1084 2378 156

1125 479 1207 542 98
2575 469 2936 526 IORDANIS

1128 667 1518 751 expelleret,
1573 664 1996 730 deliberabat.
2092 661 2195 726 cui
2241 661 2326 726 ad
2371 668 2760 745 postremum
2808 658 3125 724 sententia
3170 658 3372 735 sedit,
3426 665 3743 740 quatenus
3789 656 4152 741 provincias
4194 657 4386 740 longe

1126 769 1394 853 positas,
1444 768 1515 833 id
1561 773 1661 832 est
1705 766 1959 831 Gallias
2005 763 2432 849 Spaniasque,
2486 783 2648 846 quas
2693 782 2859 845 pene
2901 761 3031 826 iam
3077 761 3472 846 perdidisset
3515 760 3920 843 Gizericique
3967 779 4079 825 eas
4124 759 4387 824 Vanda-

1127 873 1332 937 lorum
1376 871 1551 953 regis
1596 876 1882 935 vastaret
1924 867 2221 952 inruptio,
2277 867 2335 931 si
2377 866 2641 945 valeret,
2695 865 3037 930 Halaricus
3084 884 3203 929 sua
3248 884 3393 929 cum
3439 871 3631 947 gente
3676 864 3800 929 sibi
3842 870 4170 945 tamquam
4215 863 4387 928 lares

1127 975 1421 1059 proprias
1467 973 1841 1039 vindicaret.
1938 971 2345 1037 donationem
2407 989 2588 1035 sacro
2647 970 2903 1034 oraculo
2949 967 3380 1033 confirmatam
3430 967 3835 1032 consentiunt
3877 966 4072 1032 Gothi
4119 966 4241 1031 hac
4285 987 4387 1031 or-

1134 1078 1458 1144 dinatione
1517 1084 1582 1143 et
1638 1077 1723 1142 ad
1769 1076 2045 1161 patriam
2093 1074 2217 1139 sibi
2258 1072 2565 1138 traditam
2609 1071 3114 1157 proficiscuntur.
3206 1079 3349 1154 post
3394 1091 3658 1153 quorum
3704 1070 3997 1136 discessu
4042 1090 4163 1135 nec
4206 1070 4387 1153 quic-

1130 1201 1322 1264 quam
1367 1182 1524 1246 mali
1569 1181 1635 1245 in
1679 1179 1873 1244 ltalia
1929 1184 2295 1263 perpetrato
2341 1176 2565 1242 Stilico
2623 1175 2932 1260 patricius
2994 1182 3058 1240 et
3116 1194 3297 1239 socer
3340 1174 3603 1239 Honorii
3656 1172 4060 1258 imperatoris
4104 1212 4190 1221 —
4236 1194 4387 1238 nam

1130 1292 1463 1367 utramque
1509 1284 1646 1349 eius
1692 1283 1928 1363 filiam,
1991 1281 2061 1346 id
2105 1288 2205 1346 est
2246 1280 2517 1344 Mariam
2563 1287 2628 1345 et
2671 1278 3191 1360 Thermantiam,
3256 1277 3379 1343 sibi
3423 1277 3720 1361 princeps
3765 1296 3957 1340 unam
4004 1284 4150 1361 post
4193 1297 4385 1342 unam

1131 1387 1503 1452 consocians
1550 1394 1883 1467 utramque
1928 1384 2242 1467 virginem
2291 1390 2355 1448 et
2397 1383 2703 1447 intactam
2752 1382 2913 1446 deus
2959 1382 3042 1447 ab
3088 1382 3209 1446 hac
3244 1380 3387 1445 luce
3419 1379 3671 1444 vocavit
3713 1416 3799 1425 —
3845 1379 3949 1445 hic
3979 1400 4132 1462 ergo
4165 1379 4387 1445 Stilico

1130 1490 1216 1554 ad
1272 1489 1627 1554 Polentiam
1689 1489 2014 1554 civitatem
2073 1488 2142 1552 in
2188 1488 2389 1572 Alpes
2435 1486 2788 1557 Cottiarum
2845 1487 3119 1550 locatam
3181 1485 3402 1549 dolose
3464 1483 3812 1563 accedens,
3878 1482 4173 1564 nihilque
4219 1484 4389 1548 male

1132 1590 1605 1677 suspicantibus
1637 1591 1864 1656 Gothis
1911 1592 1996 1657 ad
2040 1610 2264 1655 necem
2308 1589 2503 1654 totius
2534 1589 2764 1653 Italiae
2810 1608 3123 1669 suamque
3169 1586 3635 1653 deformitatem
3681 1586 3807 1650 ruit
3835 1586 3901 1650 in
3932 1586 4128 1651 bello.
4198 1607 4387 1670 quem

1131 1714 1212 1759 ex
1255 1694 1582 1779 inproviso
1619 1692 1812 1759 Gothi
1858 1700 2192 1759 cernentes
2237 1691 2513 1777 primum
2561 1691 2881 1775 perterriti
2927 1698 3095 1772 sunt,
3148 1689 3263 1755 sed
3308 1710 3454 1754 mox
3499 1689 3858 1755 recollectis
3903 1690 4137 1754 animis
4182 1695 4265 1769 et,
4321 1696 4390 1754 ut

1131 1796 1456 1879 solebant,
1524 1796 1882 1862 hortatibus
1941 1795 2202 1860 excitati
2262 1814 2514 1859 omnem
2559 1813 2725 1878 pene
2772 1794 3121 1858 exercitum
3168 1792 3493 1857 Stiliconis
3537 1792 3603 1856 in
3651 1792 3808 1875 fuga
3852 1811 4230 1857 conversum
4277 1811 4386 1857 us-

1129 1918 1254 1980 que
1314 1898 1402 1963 ad
1469 1898 1953 1964 internicionem
2029 1898 2313 1963 deiciunt
2334 1901 2370 1981 ¹)
2458 1896 2929 1979 furibundoque
2996 1896 3210 1961 animo
3277 1905 3601 1979 arreptum
3658 1895 3781 1961 iter
3839 1896 4144 1960 deserunt
4203 1903 4268 1961 et
4324 1896 4390 1960 in

1128 2002 1396 2084 Liguria
1439 2009 1583 2086 post
1629 2021 1734 2083 se,
1805 2003 1974 2066 unde
2020 2001 2148 2065 iam
2191 2000 2617 2083 transierant,
2684 2007 3116 2075 revertuntur;
3188 2018 3455 2081 eamque
3501 1998 3763 2082 praedis
3810 1999 4164 2084 spoliisque
4208 1999 4392 2083 potiti

1129 2105 1430 2169 Emiliam
1476 2104 1616 2189 pari
1659 2111 1882 2169 tenore
1929 2104 2271 2169 devastant
2312 2103 2867 2186 Flamminiaeque
2913 2122 3216 2186 aggerem
3261 2101 3428 2167 inter
3470 2101 3775 2166 Picenum
3822 2110 3888 2167 et
3930 2102 4233 2167 Tusciam
4278 2120 4392 2165 us—

1129 2228 1252 2291 que
1296 2208 1383 2273 ad
1427 2208 1650 2273 urbem
1697 2208 1963 2271 Romam
2010 2207 2477 2283 discurrentes,
2545 2206 2856 2289 quidquid
2898 2206 2967 2270 in
3013 2213 3349 2288 utrumque
3394 2205 3566 2270 latus
3611 2205 3764 2287 fuit,
3831 2206 3900 2270 in
3944 2205 4189 2289 praeda
4235 2204 4392 2269 diri-

1130 2311 1334 2395 piunt.
1427 2310 1512 2375 ad
1556 2317 1945 2395 postremum
1992 2311 2232 2375 Romae
2277 2309 2557 2391 ingressi
2602 2309 2900 2374 Halarico
2960 2309 3219 2373 iubente
3281 2307 3560 2392 spoliant
3615 2316 3896 2388 tantum,
3964 2327 4089 2372 non
4146 2314 4383 2387 autem,

1129 2422 1199 2479 ut
1243 2414 1454 2480 solent
1495 2421 1756 2497 gente8‚
1823 2413 1976 2496 igne
2041 2419 2410 2497 supponunt
2471 2432 2588 2477 nec
2643 2412 2801 2476 locis
2863 2417 3226 2476 sanctorum
3287 2411 3351 2475 in
3413 2411 3628 2492 aliquo
3673 2411 3968 2496 paenitus
4013 2410 4250 2476 iniuria
4292 2410 4392 2474 in-

1127 2535 1354 2600 rogare
1415 2516 1830 2602 patiuntur2).
1929 2515 2291 2598 exindeque
2351 2515 2599 2598 egressi
2658 2536 2774 2599 per
2818 2514 3241 2599 Campaniam
3305 2520 3368 2579 et
3412 2514 3698 2578 Lucania
3758 2514 3954 2579 simili
4012 2514 4200 2578 clade
4244 2533 4393 2597 per-

1301 2777 1354 2823 H
1376 2775 1422 2822 P
1449 2777 1491 2823 V
1514 2775 1555 2823 L
1581 2779 1625 2825 A
1649 2779 1687 2826 S
1717 2780 1833 2838 (inc.
1869 2775 1928 2824 17
1955 2777 2015 2824 ad
2040 2779 2360 2838 postremum)
2399 2776 2441 2823 O
2466 2776 2510 2823 B
2535 2776 2584 2823 X
2615 2776 2679 2836 (Y
2698 2777 2780 2836 Z).
2856 2775 3049 2824 Paulus
3086 2776 3118 2824 l.
3161 2789 3204 2825 c.

1306 2897 1324 2945 1
1368 2898 1582 2958 pelleret
1621 2898 1666 2943 A
1874 2898 1981 2956 loge
2023 2897 2065 2943 O
2298 2895 2328 2945 2
2367 2897 2720 2959 hispaniasque
2760 2896 2948 2943 ABXY
3153 2898 3251 2943 iam
3290 2908 3419 2956 pene
3462 2894 3551 2943 OB
3760 2894 4075 2956 perdedisset
4110 2894 4170 2953 P,
4214 2894 4392 2955 perdi-

1126 2982 1320 3030 dissent
1358 2984 1404 3031 A
1612 2978 1940 3048 gizericique]
1979 2983 2290 3044 gysericique
2328 2982 2388 3043 X,
2432 2983 2734 3043 gisericique
2783 2982 2831 3043 Y,
2875 2982 3176 3043 zigericique
3215 2980 3274 3039 L,
3316 2981 3526 3039 cyzerici
3557 2981 3616 3041 O,
3660 2986 3711 3028 et
3749 2982 3951 3041 gizerici
3978 2981 4020 3028 B
4228 2994 4392 3028 uuan-

1127 3068 1349 3115 dolorum
1393 3068 1435 3115 O
1663 3067 1692 3116 3
1730 3068 1941 3116 alaricus
1984 3068 2026 3115 Ο
2059 3072 2246 3129 passim
2455 3083 2545 3117 sua
2582 3064 2719 3134 cum]
2754 3082 2868 3115 cum
2906 3082 2995 3116 sua
3033 3068 3082 3115 X
3286 3062 3563 3132 tamquam]
3597 3073 3788 3114 tantam
3831 3067 3873 3114 O
4080 3066 4112 3114 4
4148 3062 4391 3131 proprias]

1126 3153 1383 3216 HPVLO,
1425 3157 1649 3217 proprios
1685 3154 1830 3201 ABX
1841 3155 1882 3201 Y
2106 3155 2371 3203 donatione
2412 3155 2555 3203 ΑΘΒ
2788 3168 2924 3202 sacra
2964 3154 3006 3201 O
3239 3148 3458 3219 oraculo]
3493 3154 3747 3201 uelamine
3788 3153 3877 3200 OB
4107 3155 4390 3201 confirmata

1126 3238 1312 3287 LAOB
1519 3242 1784 3289 consciunt
1817 3241 1863 3287 B
2070 3242 2189 3289 huic
2224 3242 2527 3289 ordinationi
2563 3242 2609 3288 A
2843 3241 2872 3289 5
2909 3247 3038 3301 patr.
3082 3241 3179 3288 sibi
3216 3235 3471 3304 traditam]
3508 3240 3742 3287 traditam
3779 3241 3879 3288 sibi
3918 3239 4151 3287 traditam
4186 3237 4277 3300 13‘¹‚
4320 3245 4382 3286 tr.

1126 3327 1223 3373 sibi
1260 3332 1388 3387 patr.
1425 3314 1541 3374 OBb
1751 3323 1998 3393 discessu]
2038 3327 2195 3391 HPV,
2236 3328 2513 3375 discessum
2539 3326 2830 3374 LAOBXY
3030 3321 3321 3393 quicquam]
3356 3328 3425 3373 sie
3450 3325 3504 3371 H
3535 3329 3582 3372 et
3615 3326 3700 3373 rel.
3914 3324 3944 3373 6
3982 3321 4142 3392 italia]
4177 3326 4247 3372 ita
4277 3325 4319 3372 O

1125 3411 1473 3474 perpetratum
1503 3413 1595 3461 OB
1807 3415 1972 3462 stilico
2008 3409 2270 3480 patricius]
2308 3413 2498 3462 istilico
2541 3413 2749 3473 (istiloco
2775 3411 2863 3472 M)
2906 3414 3036 3474 patri
3082 3414 3252 3474 (spatio
3289 3418 3403 3460 ante
3437 3414 3630 3461 istilico
3667 3427 3826 3460 vacuo
3862 3412 4029 3460 relicto
4063 3416 4109 3459 et
4144 3411 4390 3472 adscripto

1131 3499 1340 3557 ‘deest')
1385 3500 1432 3546 A
1713 3499 1740 3548 ’ἵ
1780 3501 1890 3548 eius
1927 3501 2084 3548 filiam
2122 3501 2172 3547 id
2210 3506 2288 3548 est
2327 3537 2338 3548 .
2372 3537 2385 3550 .
2419 3536 2430 3549 .
2476 3499 2505 3548 8
2545 3506 2805 3560 utramque
2842 3513 2937 3548 om.
2969 3501 3014 3546 A
3293 3504 3346 3547 et
3382 3494 3761 3563 thermantiam]
3796 3498 3926 3559 edd,
3970 3503 4022 3546 et
4055 3497 4387 3545 hermantiam

1126 3584 1470 3645 HPVLXYZ,
1521 3591 1573 3633 et
1607 3587 1901 3634 ermantiam
1940 3585 2055 3644 AO,
2108 3592 2160 3634 et
2195 3587 2494 3633 ermanciam
2532 3585 2610 3631 B:
2661 3585 2957 3632 Hermantia
2992 3587 3138 3632 etiam
3177 3583 3364 3632 Paulus
3403 3586 3468 3632 13
3505 3580 3634 3650 [14],
3679 3586 3709 3631 5
3970 3580 4089 3650 sibi]
4128 3597 4253 3644 quas
4290 3583 4387 3630 sibi

1127 3672 1172 3719 Β
1416 3671 1446 3720 8
1485 3675 1678 3720 socians
1719 3671 1779 3731 Ο,
1820 3673 2035 3720 sociauit
2069 3672 2116 3719 B
2340 3667 2565 3736 uocauit]
2603 3672 2837 3732 migrauit
2876 3670 2966 3717 OB
3175 3671 3358 3718 istilico
3396 3657 3534 3730 A¹³0‚
3573 3672 3769 3718 istiloco
3805 3668 3881 3716 Λα
4124 3668 4155 3717 9
4191 3669 4386 3731 pollen-

1123 3761 1244 3807 tiam
1287 3759 1397 3818 ΧΥ,
1437 3759 1733 3820 pollenciam
1772 3759 1830 3820 B,
1873 3759 2109 3819 poletiam
2148 3760 2193 3805 A
2473 3759 2599 3817 alpis
2642 3757 2702 3817 O,
2745 3758 2942 3818 alpibus
2979 3757 3174 3804 ΑΒΧΥ
3444 3757 3682 3804 cotiarum
3720 3756 3873 3816 LXY,
3921 3755 4240 3803 cottidiarum
4273 3755 4319 3801 B

1126 3841 1321 3910 dolose]
1359 3845 1527 3893 dolore
1570 3843 1677 3906 ΟΧ,
1719 3843 1829 3892 dolo
1877 3845 1915 3891 Y
2142 3839 2294 3909 male]
2331 3843 2535 3901 HPVL,
2576 3844 2699 3892 mali
2737 3842 2975 3890 AOBXY
3221 3842 3283 3891 10
3324 3843 3722 3906 supplicantibus
3764 3842 3825 3901 Ο,
3867 3842 4206 3904 suspicatibus
4245 3838 4318 3886 13⁶

1127 3932 1317 3979 bellum
1354 3930 1545 3978 AOBX
1557 3931 1594 3978 Υ
1835 3928 1892 3977 11
1934 3925 2212 3994 inprouiso]
2248 3930 2515 3990 inprouisu
2552 3931 2615 3989 A,
2670 3931 2867 3990 prouiso
2909 3928 2952 3976 O
3194 3929 3352 3991 primo
3393 3928 3483 3976 OB
3723 3933 3775 3975 et
3809 3923 3892 3994 ut]
3930 3933 3986 3975 ut
4022 3932 4073 3975 et
4110 3927 4171 3987 Χ,
4216 3932 4268 3975 et
4316 3923 4388 3972 Y·

1131 4015 1193 4065 12
1235 4017 1643 4077 (h)ortationibus
1680 4016 1821 4064 ΧΥΖ
2028 4016 2242 4063 excicati
2282 4001 2366 4078 Ob,
2410 4017 2617 4062 exusti
2660 4014 2730 4062 O‘²
2939 4011 3094 4081 pene]
3129 4028 3259 4076 pone
3302 4015 3343 4063 O
3551 4015 3814 4062 istiliconis
3851 4015 3913 4075 A,
3954 4013 4235 4061 istiloconis
4277 4011 4319 4060 O

1126 4099 1268 4168 fuga]
1307 4101 1465 4162 HPV,
1505 4104 1676 4163 sugam
1714 4101 1955 4150 LAOBX
1966 4103 2007 4149 Y
2206 4115 2407 4149 uersum
2447 4102 2497 4148 X
2509 4101 2586 4148 YZ
2831 4099 2894 4150 13
2931 4097 3345 4166 internicionem]
3381 4100 3448 4162 Η,
3488 4101 3816 4148 internitione
3851 4100 3905 4159 V,
3946 4100 4286 4148 internetione
4325 4097 4382 4156 P,

1125 4190 1506 4236 internitionem
1528 4189 1620 4236 LO
1636 4189 1685 4250 Y,
1715 4190 2108 4237 internecionem
2136 4188 2248 4250 AB,
2275 4189 2671 4236 internetionem
2698 4187 2748 4234 X
2882 4182 3162 4252 arreptum]
3185 4193 3355 4248 erepto
3386 4187 3428 4234 O
3446 4203 3461 4233 .·
3488 4193 3720 4247 coeptum
3742 4187 3839 4233 iter
3863 4185 4052 4233 Paulus
4078 4186 4143 4232 19
4161 4180 4294 4250 [13],
4322 4186 4386 4231 27

1130 4273 1193 4322 14
1228 4270 1431 4340 liguria]
1467 4275 1523 4326 H
1532 4261 1555 4300 ⁶
1598 4276 1754 4335 (lius
1791 4273 1898 4336 11⁴¹)
1944 4273 2099 4333 PVL,
2139 4275 2369 4322 licuriam
2411 4273 2471 4334 O,
2512 4275 2743 4332 liguriam
2780 4273 2923 4320 ΑΒΧ
2934 4273 2972 4319 Υ
3176 4274 3485 4322 transierunt
3521 4273 3619 4319 ΑΧ
3628 4273 3669 4320 Υ
3870 4269 4106 4339 eamque]
4142 4273 4255 4319 eius
4292 4270 4380 4333 13⁴⁸,

1125 4362 1338 4423 eiusque
1376 4346 1443 4407 Bb
1653 4362 1820 4422 praedi
1857 4361 1925 4422 H,
1966 4361 2150 4422 predae
2189 4347 2259 4408 13⁶
2469 4361 2726 4421 spolisque
2757 4358 2800 4406 O
3011 4359 3073 4408 15
3112 4365 3164 4407 et
3204 4360 3391 4407 miliam
3429 4358 3474 4405 P
3681 4360 3838 4406 tinore
3870 4358 3912 4406 O
4121 4359 4386 4406 deuastant

1125 4459 1222 4496 om.
1253 4446 1296 4494 L
1505 4442 1935 4513 flamminiaeque]
1960 4445 2262 4507 HPVLXY,
2304 4447 2661 4507 flaminiaeque
2687 4445 2799 4506 AO,
2840 4447 3174 4507 flaminaeque
3201 4446 3247 4492 B
3441 4458 3618 4506 aggere
3644 4445 3687 4492 L
3899 4444 3961 4493 16
3997 4457 4247 4493 romanam
4276 4445 4318 4492 O

1123 4529 1398 4599 quidquid]
1434 4532 1548 4596 HV,
1591 4533 1833 4594 quicquid
1869 4534 1956 4581 rel.
2167 4528 2246 4598 in]
2283 4534 2415 4580 inter
2454 4532 2500 4578 B
2709 4537 2920 4594 utroque
2956 4533 3110 4579 latere
3148 4534 3195 4579 A
3401 4533 3455 4579 in
3491 4527 3695 4597 praeda]
3730 4532 3785 4579 in
3824 4531 4053 4592 praedam
4084 4531 4145 4590 Ο,
4187 4531 4248 4579 ad
4272 4544 4385 4592 pre·

1119 4620 1230 4667 dam
1269 4620 1313 4667 L
1593 4618 1653 4667 17
1693 4614 1880 4684 romae]
1917 4617 2162 4676 HPVSO,
2206 4631 2342 4666 rom*
2382 4617 2468 4678 Li,
2508 4631 2691 4665 romam
2729 4615 2942 4665 ABL2X
2955 4618 2996 4664 Y
3248 4619 3461 4678 regressi
3512 4618 3591 4665 YZ
3850 4614 4041 4684 autem]
4076 4620 4211 4666 enim
4251 4615 4389 4665 ΧΥΖ

1125 4705 1186 4756 18
1224 4702 1365 4772 igne]
1391 4705 1506 4767 HV,
1548 4707 1714 4766 ignem
1740 4703 2063 4752 PLASOBX
2069 4705 2107 4751 Y
2313 4705 2416 4753 loco
2441 4704 2497 4763 S,
2540 4705 2643 4752 loca
2673 4703 2715 4751 O
2923 4705 3047 4752 alico
3074 4702 3112 4750 S
3308 4701 3514 4770 iniuria]
3541 4704 3652 4766 HV,
3696 4705 3932 4751 iniuriam
3958 4702 4327 4752 PLASOBXY

1117 4795 1332 4854 irrogata
1367 4792 1415 4840 A
1629 4789 1690 4840 19
1726 4787 1949 4857 lucania]
1984 4791 2038 4836 H
2048 4790 2101 4851 V,
2141 4791 2390 4839 lucaniam
2429 4790 2652 4839 PLSBX
2664 4791 2713 4850 Y,
2754 4791 2990 4838 lucinium
3028 4790 3124 4838 AO
3464 4788 3476 4796 “

1300 4997 1343 5054 1)
1386 4996 1456 5058 cf.
1504 4997 1836 5047 Cassiodorius
1874 4998 2036 5045 chron.
2080 4997 2145 5045 ad
2181 5012 2230 5045 α.
2260 4997 2391 5044 40⁴2:
2433 4997 2709 5046 Pollentiae
2749 4995 3044 5045 Stiliconem
3084 5010 3198 5045 cum
3236 4996 3461 5044 exercitu
3498 4997 3714 5044 Romano
3752 4995 3901 5044 Gothi
3937 4997 4125 5044 victum
4164 4997 4272 5044 acie
4307 4999 4387 5043 fu·-

1118 5090 1381 5145 gavernnt‚
1421 5089 1626 5132 mutans
1663 5097 1783 5146 quac
1807 5083 1944 5145 apud
1974 5082 2269 5144 Prosperum
2304 5085 2548 5144 repperit:
2588 5082 2861 5132 Pollentiae
2900 5082 3142 5131 adversus
3168 5081 3356 5130 Gothos
3395 5082 3719 5129 vehementer
3756 5083 4020 5144 utriusque
4054 5084 4214 5143 partis
4252 5082 4386 5130 clade

1120 5175 1400 5231 pugnatum
1438 5175 1534 5217 est.

1294 5254 1338 5316 2)
1383 5253 1452 5314 cf.
1499 5254 1835 5303 Cassiodorius
1868 5255 2034 5304 chron.
2073 5254 2139 5302 ad
2174 5270 2223 5304 α.
2266 5256 2370 5303 410
2405 5253 2472 5302 ad
2512 5253 2737 5314 Prosper-1·
2772 5255 2949 5303 verba:
3000 5255 3153 5303 Roma
3191 5269 3218 5302 a
3256 5253 3432 5302 Gothis
3470 5253 3698 5301 Halarico
3736 5252 3864 5301 duce
3901 5258 4045 5315 capta
4080 5252 4254 5301 addit.-
4300 5253 4382 5299 ubi

1118 5341 1389 5389 clementer
1425 5342 1506 5388 usi
1542 5341 1749 5388 victoria
1784 5344 1924 5388 sunt.
1990 5339 2132 5387 Idem
2157 5355 2262 5389 var.
2296 5342 2378 5401 12,
2410 5341 2511 5388 20.-
2552 5340 2839 5401 exemplum
2869 5377 2880 5388 .
2914 5378 2926 5390 .
2960 5376 2973 5390 .
3002 5343 3059 5388 in
3085 5340 3299 5388 historia
3335 5347 3504 5388 nostra
3538 5353 3717 5400 magna
3754 5340 4036 5387 intentione
4074 5340 4380 5389 rettulimus.

1118 5441 1232 5476 nam
1270 5441 1385 5474 cum
1422 5440 1511 5474 rex
1535 5427 1764 5475 Alaricus
1800 5427 1941 5474 urbis
1965 5427 2145 5474 Romae
2181 5426 2568 5488 depraedatione
2606 5428 2822 5475 satiatus
2860 5427 3070 5489 apostoli
3096 5427 3233 5474 Petri
3271 5441 3387 5474 vasa
3423 5427 3534 5474 suis
3559 5426 3907 5474 deferentibus
3932 5426 4232 5487 excepisset,
4274 5438 4386 5473 mox

1120 5517 1177 5560 ut
1212 5514 1283 5560 rei
1321 5525 1520 5559 causam
1558 5511 1725 5559 habita
1760 5512 2152 5571 interrogatione
2187 5514 2420 5571 cognovit
2441 5549 2454 5572 ,
2499 5513 2652 5561 sacris
2687 5514 2946 5560 liminibus
2981 5513 3237 5573 deportari
3281 5513 3532 5574 (reportari
3576 5511 3797 5572 Orosius)
3841 5511 4192 5572 diripientium
4228 5513 4387 5559 mani·-

1118 5598 1212 5645 bus
1249 5597 1540 5658 imperavit,
1582 5603 1639 5646 ut
1674 5598 1955 5658 cupiditas,
1998 5609 2124 5658 quae
2162 5595 2568 5658 depraedationis
2605 5600 2803 5646 ambitu
2841 5598 3110 5646 admiserat
3148 5599 3332 5655 scelus,
3372 5598 3636 5646 devotione
3674 5598 3951 5658 largissima
3986 5598 4183 5647 deleret
4217 5611 4388 5646 exces-

1119 5697 1248 5730 sum.
1312 5683 1380 5742 οἵ.
1416 5682 1618 5731 Orosius
1645 5685 1693 5743 7,
1721 5684 1807 5742 39,
1842 5686 1936 5732 15.·
1975 5683 2126 5731 tertia
2161 5684 2242 5731 die
2279 5683 2476 5730 barbari
2513 5698 2663 5745 quam
2699 5684 2915 5742 ingressi
2951 5685 3127 5731 urbem
3164 5683 3366 5731 fuerant
3400 5690 3580 5745 sponte
3616 5684 3887 5732 discedunt
3911 5686 4040 5732 facto
4066 5685 4270 5746 quidem
4295 5684 4389 5731 ali-

1120 5772 1418 5828 quantarum
1454 5770 1656 5817 aedium
1691 5769 1942 5830 incendio,
1984 5768 2072 5816 sed
2109 5782 2172 5816 ne
2208 5773 2347 5816 tanto
2383 5769 2606 5830 quidem,
2651 5774 2835 5830 quanto
2863 5770 3321 5830 septingentesimo
3346 5770 3648 5818 conditionis
3674 5771 3784 5818 eius
3810 5783 3938 5818 anno
3963 5782 4110 5817 casus
4136 5770 4383 5818 effecerat.

4432 1607 4487 1647 10

4434 2124 4490 2163 15
