4882 6775
1942 484 2401 542 PROOEMWM.
3516 489 3797 555 LXXIII

545 731 586 775 a
645 711 820 775 nullo
866 730 1113 794 genere
1174 709 1479 776 librorum
1546 711 1740 796 plane
1810 710 2260 793 abhorret1¹⁴),
2331 711 2401 775 in
2470 710 2822 775 secundum
2889 717 2954 774 et
3011 709 3268 775 tertium
3337 712 3535 777 multo
3588 712 3799 795 magis

545 851 737 913 quam
783 830 849 895 in
894 830 1166 915 primum
1212 830 1434 912 eadat,
1500 850 1977 914 consensusque
2035 831 2288 896 illorum
2348 829 2653 895 librorum
2713 830 2956 895 nullam
3017 830 3146 895 vim
3205 831 3476 911 habeat,
3544 831 3654 897 ubi
3714 832 3799 897 ad

543 950 1056 1035 interpolationis
1099 950 1607 1016 communionem
1662 951 1946 1016 revocari
1993 954 2342 1036 potest115).
2425 948 2755 1015 solitariae
2800 957 3015 1014 autem
3061 950 3457 1033 singulorum
3493 950 3798 1018 librorum

547 1071 851 1136 lectiones
910 1070 1003 1136 ita
1046 1078 1484 1154 comparatae,
1552 1077 1618 1135 ut
1671 1070 1959 1137 eiusdem
2006 1070 2248 1137 ordinis
2293 1069 2525 1152 reliqui
2572 1069 2718 1135 libri
2764 1090 2909 1134 cum
2956 1069 3219 1153 reliquis
3265 1070 3595 1136 ordinibus
3642 1092 3800 1137 con-

546 1190 843 1272 sentiant,
894 1190 1068 1255 iusta
1110 1190 1485 1256 auctoritate
1531 1190 1961 1257 destituuntur
2005 1191 2314 1275 originem
2362 1191 2672 1257 habentes
2718 1196 2830 1254 aut
2872 1209 3148 1255 errorem
3187 1197 3300 1255 aut
3343 1191 3793 1257 coniecturam.

544 1348 631 1357 —
673 1311 825 1374 Post
871 1309 1353 1376 fundamentum
1400 1310 1690 1376 lectionis
1735 1310 2012 1395 positum
2043 1311 2215 1395 quod
2257 1311 2483 1396 incipit
2528 1310 3031 1376 coniecturarum
3065 1316 3131 1374 et
3160 1310 3592 1394 opinationum
3624 1331 3799 1376 mare

545 1450 846 1513 magnum
895 1437 960 1496 et
1001 1438 1390 1514 aestuosum,
1442 1432 1525 1496 ab
1572 1452 1647 1497 eo
1691 1439 2002 1514 quantum
2051 1431 2187 1496 fieri
2233 1440 2444 1516 potest
2487 1429 2801 1503 abstinui:
2854 1430 2947 1495 ita
2991 1428 3160 1494 enim
3206 1438 3424 1496 auctor
3469 1451 3802 1515 compara-

543 1556 647 1615 tus
693 1557 811 1633 est,
863 1557 933 1615 ut
976 1550 1148 1617 iusta
1190 1552 1256 1615 in
1300 1551 1623 1635 plerisque
1668 1551 1924 1636 scriptis
1970 1551 2364 1617 ratiocinatio
2411 1550 2642 1616 nimios
2690 1569 2933 1615 errores
2979 1556 3043 1614 et
3078 1549 3489 1616 incredibiles
3519 1550 3799 1636 ineptias

545 1691 669 1735 non
715 1670 991 1735 auctoris
1037 1690 1202 1752 esse,
1256 1671 1370 1736 sed
1418 1671 1819 1737 librariorum
1863 1671 1932 1736 in
1977 1671 2252 1737 Iordane
2296 1670 2391 1736 ita
2435 1670 2730 1753 deficiat,
2782 1677 2853 1735 ut
2895 1668 3084 1734 lectio
3129 1691 3253 1752 quo
3297 1672 3506 1753 magis
3549 1672 3789 1756 inepta,

547 1790 647 1855 his
693 1790 935 1857 libellis
982 1811 1057 1856 eo
1102 1790 1309 1874 magis
1353 1797 1507 1876 apta
1552 1790 1754 1856 videri
1800 1791 2023 1876 possit.

716 1911 901 1989 Quod
958 1912 1106 1976 olim
1154 1910 1505 1994 cogitaram
1551 1912 1953 1977 subscribere
2001 1912 2380 1996 praefationi
2426 1911 2598 1995 grati
2644 1910 2841 1976 animi
2886 1909 3317 1976 testimonium
3364 1933 3520 1997 erga
3563 1912 3798 1977 biblio-

545 2032 875 2097 thecarum
934 2030 1366 2096 moderatores
1411 2039 1474 2097 et
1517 2031 1796 2115 reliquos
1842 2032 2065 2098 horum
2112 2040 2465 2098 nostrorum
2513 2031 2862 2097 studiorum
2919 2029 3237 2112 fautores,
3303 2054 3568 2114 quorum
3616 2034 3800 2098 beni·
3847 2018 3852 2023 ⁴

544 2150 828 2216 volentia
873 2151 1171 2216 effectum
1219 2158 1337 2233 est,
1392 2158 1461 2216 ut
1505 2152 1668 2217 haec
1711 2152 2003 2218 recensio
2051 2153 2351 2218 librorum
2382 2151 2908 2218 Iordanianorum
2958 2149 3066 2214 diu
3114 2151 3400 2236 expetita
3443 2152 3689 2218 auctior
3735 2159 3799 2219 et

545 2270 942 2336 emendatior
970 2270 1255 2355 prodeat,
1304 2270 1373 2335 id
1402 2271 1739 2354 quominus
1770 2272 2142 2357 perficerem
2172 2273 2425 2339 fortuna
2457 2272 2610 2337 mihi
2650 2269 2901 2335 invidit.
2983 2290 3129 2334 nam
3162 2271 3415 2337 animus
3445 2294 3570 2338 non
3604 2272 3799 2339 susti·
3839 2258 3847 2315 l

545 2398 654 2456 net
712 2389 958 2473 gratias
1017 2411 1212 2474 agere
1257 2390 1371 2471 iis,
1440 2392 1673 2474 quibus
1718 2392 1861 2477 ipsa
1905 2393 2231 2459 volumina
2274 2393 2638 2459 saecularia
2680 2388 3015 2458 restituere
3061 2390 3188 2455 iam
3248 2412 3521 2477 nequeo.
3614 2393 3799 2458 beni-
3841 2418 3844 2493 ζ

542 2511 887 2576 volentiam
931 2511 1277 2576 eorundem
1323 2511 1704 2596 optimorum
1748 2513 2024 2578 virorum
2070 2533 2457 2597 quamquam
2502 2514 2570 2578 in
2615 2514 2735 2581 hac
2782 2518 3149 2583 calamitate
3194 2515 3387 2581 etiam
3433 2513 3644 2596 magis
3684 2533 3798 2578 ex-

541 2640 761 2717 pertus
807 2652 969 2711 sum,
1021 2630 1179 2695 mihi
1222 2630 1451 2697 infelix
1494 2631 1658 2698 liber
1702 2632 2006 2714 quamdiu
2053 2653 2159 2698 ero
2205 2633 2331 2699 mei
2374 2633 2708 2701 infortunii
2745 2638 3116 2703 tristissima
3146 2633 3453 2701 memoria
3483 2632 3791 2699 manebit.

718 2942 828 3003 114)
872 2945 952 2991 Ita
988 2945 1091 2991 loco
1128 2958 1180 3005 p.
1222 2944 1303 3005 59,
1348 2943 1378 2991 2
1415 2944 1478 2991 de
1514 2958 1612 3006 quo
1659 2959 1810 3008 supra
1846 2961 1897 3009 p.
1940 2947 2107 2994 Lxm
2144 2948 2254 2995 dixi
2290 2949 2558 3011 pristinam
2595 2951 2888 3011 scripturam
2936 2953 3046 2998 ouis
3092 2952 3294 3003 auium.
3350 2961 3479 3010 quae
3526 2948 3630 2996 sola
3675 2947 3798 2995 ferri

543 3035 706 3090 potest
730 3066 743 3090 ,
784 3030 1001 3076 servavit
1035 3029 1148 3077 ordo
1184 3030 1392 3088 tertius,
1443 3044 1507 3078 ex
1544 3032 1821 3092 corruptela
1856 3033 1908 3079 in
1945 3032 2211 3095 archetypo
2244 3035 2394 3095 primi
2431 3034 2739 3096 secundique
2776 3035 2824 3082 ei
2861 3036 3152 3095 substituta,
3194 3049 3342 3097 quam
3379 3034 3603 3095 suspicor
3637 3034 3797 3081 fuisse

538 3118 709 3162 ouium
744 3117 937 3174 auium,
980 3120 1124 3163 natae
1161 3120 1283 3163 sunt
1316 3114 1556 3164 lectiones
1592 3117 1916 3179 interpolatae
1954 3120 2126 3166 ambae
2163 3119 2335 3167 classis
2371 3119 2620 3168 secundae
2656 3121 2848 3180 ouium,
2887 3120 3062 3168 classis
3099 3121 3290 3182 primae
3313 3122 3482 3168 ouium
3505 3121 3794 3181 ausumque.

723 3200 838 3262 115)
880 3200 1251 3262 Saepenumero
1286 3200 1548 3265 haesitavi,
1589 3208 1843 3264 quatenus
1880 3205 2150 3253 consensui
2188 3206 2396 3253 secundi
2434 3207 2673 3268 tertiique
2709 3206 2901 3255 ordinis
2936 3206 3264 3255 confiderem:
3306 3211 3365 3254 ut
3401 3220 3451 3267 p.
3493 3204 3578 3265 61,
3612 3204 3673 3252 15
3707 3218 3799 3265 per

540 3301 735 3336 omnem
760 3285 985 3335 Meotidia
1019 3285 1211 3334 aditum
1247 3301 1336 3349 per
1371 3301 1424 3336 se
1460 3288 1730 3337 absurdum
1766 3290 1978 3338 fortasse
2013 3292 2198 3338 mutari
2233 3290 2416 3339 debuit
2451 3305 2564 3340 cum
2588 3292 2682 3338 ΒΧ
2692 3291 2733 3338 Υ
2764 3293 2816 3339 in
2852 3291 3108 3341 ambitum.
3175 3291 3259 3341 sed
3296 3297 3464 3340 tamen
3500 3296 3553 3338 et
3583 3289 3709 3337 illud
3733 3291 3796 3337 ab

539 3375 716 3436 inepto
753 3379 952 3423 auctore
989 3374 1137 3422 scribi
1173 3376 1342 3436 potuit
1379 3380 1431 3423 et
1465 3373 1555 3423 hoc
1590 3391 1619 3424 a
1654 3376 1872 3425 librariis
1908 3376 2142 3438 pluribus
2177 3391 2275 3426 non
2314 3378 2503 3439 ineptis
2539 3392 2629 3440 per
2664 3379 2994 3427 coniecturam
3031 3379 3220 3440 reponi.

804 3542 1086 3608 Berolini
1144 3564 1229 3609 m.
1282 3544 1631 3610 Novembri
1689 3566 1750 3610 a.
1804 3563 2265 3611 ›meconxxxr

680 5893 925 5938 Ionan-s.
3339 5895 3377 5950 k
