4882 6775
1181 520 1265 578 56
2630 517 2988 569 leimarus

1107 704 1139 767 1
1183 706 1367 769 nobis
1405 726 1636 786 sermo,
1689 706 1746 770 si
1791 706 2087 770 dominus
2130 707 2470 785 iubaverit,
2523 713 2622 769 est
2652 706 3128 789 adsumpturus,
3181 706 3333 788 quia
3360 727 3544 788 genS,
3599 707 3778 770 cuius
3809 706 4117 788 originem
4151 703 4419 784 flagitas,

945 1013 1008 1075 II
1065 1017 1136 1076 10

1059 1636 1126 1693 11

1059 2151 1136 2210 12

1181 809 1264 871 ab
1325 808 1515 872 huius
1573 810 1824 873 insulae
1882 808 2126 891 gremio
2187 809 2364 872 velut
2424 829 2696 873 examen
2754 809 2971 892 apium
3033 828 3375 893 erumpens
3418 810 3484 873 in
3529 816 3762 872 terram
3809 810 4104 892 Europae
4149 807 4415 871 advinit:

1181 911 1498 992 quomodo
1543 932 1691 976 vero
1735 918 1848 975 aut
1891 912 2185 995 qualiter,
2237 911 2305 975 in
2352 911 2912 994 subsequentibus,
2966 911 3021 974 si
3066 911 3361 976 dominus
3407 911 3759 993 donaverit,
3813 910 4321 995 explanavimus,

1353 1014 1538 1078 Nunc
1594 1022 1811 1079 autem
1872 1014 1952 1079 de
1999 1014 2316 1079 Brittania
2372 1014 2620 1094 insula,
2686 1034 2809 1096 que
2870 1014 2935 1078 in
2992 1014 3131 1078 sino
3177 1014 3421 1079 Oceani
3476 1014 3642 1079 inter
3686 1015 3995 1100 Spanias,
4061 1013 4313 1078 Gallias
4368 1020 4428 1077 et

1183 1118 1594 1182 Germaniam
1642 1118 1768 1182 sita
1811 1124 1930 1199 est,
1984 1126 2053 1183 ut
2095 1123 2378 1202 potuero,
2433 1117 2658 1201 paucis
2703 1118 3061 1183 absolvam.
3155 1117 3337 1182 cuius
3382 1118 3531 1183 licet
3567 1118 4007 1201 magnitudine
4038 1117 4191 1183 olim
4224 1136 4419 1195 nemo,
4461 1138 4484 1176 s

1185 1228 1253 1284 ut
1297 1219 1492 1284 refert
1537 1221 1778 1302 Libius,
1832 1222 2289 1286 circumvectus
2335 1228 2435 1286 est
2457 1222 2527 1305 ¹),
2581 1220 2801 1285 multis
2847 1228 3065 1286 tamen
3110 1220 3263 1285 data
3301 1228 3400 1285 est
3429 1221 3611 1285 varia
3639 1221 3852 1305 opinio
3885 1221 3965 1286 de
3996 1242 4074 1285 ea
4105 1219 4420 1303 loquendi.

1182 1344 1347 1405 quae
1395 1324 1506 1389 diu
1552 1325 1608 1389 si
1653 1325 1909 1407 quidem
1957 1325 2152 1389 armis
2201 1325 2611 1389 inaccensam
2657 1324 2961 1389 Romanis
3006 1325 3211 1388 Iulius
3257 1324 3503 1389 Caesar
3544 1325 3805 1408 proeliis
3851 1324 3935 1388 ad
3980 1324 4251 1408 gloriam
4294 1329 4428 1385 tau-

1181 1434 1313 1491 tum
1360 1427 1627 1509 quesitis
1670 1427 1922 1511 aperuit
1939 1432 2023 1509 2):
2095 1428 2319 1510 pervia
2378 1427 2687 1510 deinceps
2748 1428 3177 1493 mercimoniis
3236 1428 3528 1509 aliasque
3588 1429 3670 1493 ob
3728 1448 3959 1493 causas
4004 1427 4223 1492 multis
4267 1424 4428 1490 facta

1183 1530 1557 1594 mortalibus
1605 1551 1731 1596 non
1775 1530 2178 1613 indiligenti,
2247 1552 2412 1615 quae
2474 1538 2695 1597 secuta
2740 1539 2870 1613 est,
2936 1532 3134 1596 aetati
3179 1532 3412 1597 certius
3459 1531 3559 1596 sui
3604 1531 3885 1616 prodidit
3927 1531 4152 1611 situm,
4218 1548 4422 1611 quem,

1181 1640 1250 1696 ut
1307 1654 1347 1696 a
1409 1634 1633 1699 Grecis
1695 1634 2066 1717 Latinisque
2127 1636 2456 1700 autoribus
2514 1636 2920 1719 accepimus,
2992 1635 3453 1719 persequimur.
3547 1635 3943 1717 triquadram
4010 1655 4155 1699 eam
4222 1633 4428 1717 plures
4464 1652 4514 1692 ιο

1180 1736 1401 1801 dixere
1448 1737 1881 1818 consimilem,
1940 1738 2107 1803 inter
2151 1739 2717 1823 septentrionalem
2746 1739 3355 1825 ⁴occidentalemque
3402 1739 3664 1824 plagam
3710 1739 4080 1823 proiectam,
4132 1757 4277 1818 unc,
4327 1737 4428 1819 qui

1180 1859 1452 1922 magnus
1498 1849 1618 1921 est,
1681 1842 1920 1924 angulo
1965 1841 2130 1909 Reni
2174 1842 2386 1907 hostia
2431 1849 2848 1927 spectantem,
2904 1842 3138 1907 debinc
3182 1850 3538 1927 correptam
3587 1843 3924 1908 latitudine
3970 1842 4226 1924 oblique
4270 1848 4428 1905 retro

1183 1943 1571 2008 abstractam
1619 1944 1686 2008 in
1732 1944 1892 2008 duos
1939 1945 2115 2009 exire
2167 1946 2365 2025 alios,
2431 1945 2817 2027 geminoque
2878 1946 3080 2010 latere
3139 1946 3492 2028 longiorem
3539 1946 3795 2010 Galliae
3854 1944 4188 2030 praetendi
4245 1951 4429 2025 atque

1183 2044 1568 2111 Germaniae
1587 2052 1661 2123 3).
1754 2047 1822 2111 in
1877 2048 2131 2140 ,duobus
2193 2048 2456 2113 milibus
2515 2048 2819 2113 trecentis
2879 2048 3101 2113 decem
3163 2048 3391 2113 stadiis
3438 2048 3707 2113 latitudo
3752 2049 3892 2113 eius
3939 2047 4046 2111 ubi
4093 2046 4420 2129 patentior,

1184 2148 1514 2230 longitudo
1558 2170 1682 2212 non
1729 2151 1898 2214 ultra
1942 2158 2189 2233 septem
2236 2151 2368 2215 mil.
2423 2156 2677 2215 centum
2723 2150 2986 2233 triginta
3023 2150 3149 2215 duo
3181 2150 3395 2214 stadia
3426 2149 3624 2215 fertur
3652 2151 3912 2217 extendi
3932 2155 4018 2232 ἧς
4070 2148 4259 2214 modo
4288 2168 4428 2213 vero
4495 2169 4516 2206 ⁵

1180 2250 1484 2327 dumosa,
1552 2251 1741 2316 modo
1789 2253 2127 2318 silvestrae
2172 2254 2385 2318 iacere
2431 2253 2776 2338 planitiae,
2845 2254 3164 2319 montibus
3210 2254 3407 2318 etiam
3452 2254 3775 2319 nonnullis
3819 2254 4206 2319 increscere:
4275 2251 4427 2316 mari

1177 2355 1362 2419 tardo
1407 2355 1879 2437 circumfluam,
1947 2357 2117 2440 quod
2177 2377 2296 2421 nec
2355 2357 2551 2422 remis
2613 2357 2804 2422 facile
2848 2358 3308 2441 inpellentibus
3353 2357 3574 2440 cedat,
3640 2378 3758 2423 nec
3802 2364 4133 2422 ventorum
4178 2356 4429 2421 flatibus

1179 2459 1594 2539 intumescat,
1663 2459 1889 2535 crede,
1956 2460 2110 2542 quia
2167 2468 2449 2526 remotae
2505 2461 2760 2544 longius
2820 2467 3030 2526 terrae
3085 2480 3314 2525 causas
3360 2461 3635 2526 motibus
3679 2469 3955 2544 negant:
4020 2460 4257 2545 quippe
4303 2460 4429 2524 illic

1178 2561 1371 2625 latius
1452 2583 1641 2644 quam
1727 2583 1996 2646 usquam
2064 2584 2302 2647 aequor
2367 2564 2732 2629 extenditur
2751 2566 2828 2647 5).
2950 2563 3146 2628 refert
3212 2570 3427 2630 autem
3493 2564 3724 2629 Strabo
3790 2563 4135 2629 Grecorum
4204 2563 4428 2627 nobilis

1353 2856 2487 2928 HRVLAsmdzadvinitmxffz).

1358 2994 1376 3042 1
1420 3008 1579 3043 sermo
1603 3000 1717 3043 ante
1740 3001 1819 3043 est
1842 2997 1887 3041 A
2037 2992 2315 3062 iubauerit]
2341 2997 2452 3055 ΗΡ,
2486 2998 2736 3045 iuuauerit
2767 2998 2998 3057 VLSXZ,
3029 3000 3218 3047 iuuerit
3242 2999 3381 3045 ABY
3527 2999 3865 3047 adsumendus
3893 2997 4112 3045 ASBXY
4286 2995 4314 3043 2
4341 3011 4428 3044 ue-

1180 3079 1268 3126 lud
1308 3079 1349 3126 V
1439 3136 1446 3139 ‚
1549 3096 1698 3143 apum
1725 3082 1977 3130 L‘ASBY
2182 3089 2315 3131 terra
2341 3082 2379 3130 8
2589 3080 2807 3149 aduinit]
2850 3083 2957 3143 ΗΡ,
2998 3084 3205 3131 aduenit
3230 3087 3317 3132 rel.
3532 3083 3561 3132 3
3599 3079 4010 3148 explanauimus]
4045 3082 4154 3141 ΗΡ,
4197 3084 4431 3143 explana-

1179 3168 1348 3215 bimus
1384 3167 1575 3228 VLBX,
1618 3168 1970 3229 explanabitur
2014 3169 2067 3230 Y,
2108 3161 2365 3231 explanab
2392 3171 2437 3215 A
2651 3169 2683 3216 4
2721 3166 2916 3235 autem]
2954 3172 3086 3217 enim
3130 3172 3265 3217 Xl'Z
3475 3167 3606 3236 sino]
3643 3169 3754 3230 ΗΡ,
3796 3170 3911 3217 sinu
3948 3170 4036 3216 rel.
4245 3169 4429 3228 hyspa-

1181 3266 1268 3299 nas
1305 3251 1395 3310 13⁰,
1436 3253 1701 3314 hyspanias
1739 3241 1870 3315 3⁶1⁷,
1912 3255 2168 3315 hispanias
2209 3256 2305 3301 AX
2513 3255 2542 3302 5
2580 3258 2831 3315 germania
2870 3255 2908 3301 L
3118 3264 3287 3317 potero
3325 3258 3370 3302 A
3577 3250 3950 3319 magnitudine]
3988 3253 4141 3312 HPV,
4185 3255 4431 3313 magnitu-

1178 3337 1349 3385 dinem
1377 3339 1562 3385 LABX
1570 3339 1609 3385 Υ
1783 3339 1814 3389 6
1851 3336 2026 3407 refert]
2052 3340 2189 3387 LBX
2198 3342 2248 3401 Y,
2281 3342 2376 3391 sert
2403 3340 2593 3387 HPVA
2767 3336 2946 3407 libius]
2973 3342 3209 3389 HPVLX
3222 3342 3321 3400 i'z,
3352 3341 3509 3391 liuius
3537 3342 3628 3389 AB
3802 3336 3904 3406 est]
3930 3342 4000 3387 sit
4028 3340 4070 3385 A
4243 3333 4429 3403 tamen]

1176 3430 1344 3473 autem
1369 3430 1539 3474 tamen
1564 3425 1625 3485 L,
1654 3432 1848 3474 tantum
1881 3428 1927 3473 Χ
2119 3425 2253 3494 data]
2277 3430 2405 3476 clara
2437 3430 2611 3489 (marq.
2641 3429 2725 3475 uel
2749 3429 2879 3488 data)
2912 3428 2957 3474 Β
3155 3428 3407 3490 loquemdi
3435 3427 3511 3476 1²⁰
3722 3427 3749 3475 7
3789 3423 3939 3492 quae]
3963 3441 4110 3488 quam
4138 3425 4363 3472 ABXYZ

1177 3511 1265 3558 diu
1291 3509 1361 3578 si]
1385 3512 1574 3560 diuersi
1600 3512 1644 3558 A
1851 3510 2189 3579 inaccensam]
2213 3514 2266 3560 H
2277 3515 2326 3573 V,
2356 3516 2617 3562 inaccensa
2645 3515 2704 3576 P,
2733 3516 3034 3562 inaccessam
3060 3516 3149 3562 rel.
3363 3509 3553 3579 caesar]
3577 3519 3779 3561 centum
3812 3513 3883 3572 (ut
3906 3514 4030 3570 vid.)
4062 3513 4103 3558 A
4300 3517 4420 3560 tant.

1178 3599 1237 3646 ad
1263 3600 1326 3659 gl.
1359 3599 1404 3644 A
1603 3597 1633 3646 8
1669 3600 1892 3660 peruiam
1924 3599 1983 3657 Β,
2014 3613 2110 3648 om.
2145 3601 2276 3646 XYZ
2458 3596 2724 3666 deinceps]
2750 3600 2931 3649 deinde
2956 3600 2999 3646 A
3185 3602 3398 3661 aliisque
3424 3601 3483 3647 ob
3509 3602 3674 3647 causis
3702 3599 3761 3657 L,
3792 3601 4012 3660 aliasque
4036 3600 4096 3648 ob
4121 3599 4285 3646 causis
4312 3596 4363 3648 B

1180 3681 1332 3749 sacta]
1369 3685 1615 3745 patefacta
1651 3684 1694 3730 Β
1902 3684 1933 3733 9
1969 3685 2220 3746 indigenti
2252 3686 2295 3733 L
2505 3694 2707 3736 secutae
2736 3688 2782 3734 P
2988 3689 3167 3734 aetatis
3196 3686 3239 3733 L
3447 3686 3725 3747 prodiderat
3748 3685 3793 3731 Β
4001 3681 4174 3751 quem]
4211 3700 4357 3746 quam
4385 3684 4426 3730 Β

1183 3769 1245 3818 10
1282 3785 1310 3816 a
1344 3783 1440 3818 om.
1485 3771 1527 3817 Z
1750 3768 2033 3837 autoribus]
2070 3772 2181 3832 HP,
2223 3777 2357 3820 auct.
2399 3774 2488 3821 rel.
2720 3787 3079 3835 persequemur
3115 3773 3257 3820 AXY
3478 3768 3806 3837 triquadram]
3845 3772 3999 3832 ΧΥΖ,
4040 3774 4327 3833 triquetram
4365 3771 4420 3832 Β,

1180 3856 1504 3916 triquaetram
1542 3857 1652 3916 ΗΡ,
1694 3858 1985 3918 triquetram
2032 3857 2133 3919 VL,
2176 3859 2434 3907 tricadram
2476 3860 2518 3904 A
2767 3859 2822 3907 11
2867 3860 3104 3907 dixerunt
3138 3859 3185 3905 B
3409 3854 3741 3923 consimilem]
3780 3858 4168 3919 HPVLAXYZ,
4208 3871 4328 3905 cono
4363 3858 4425 3905 si-

1087 3959 1090 3960 ⁷
1181 3941 1348 3989 milem
1387 3926 1456 4001 Β,
1501 3956 1659 3990 cuneo
1696 3944 1910 3990 similem
1952 3943 2167 3991 Clossius
2202 3944 2419 3992 adhibito
2459 3943 2588 3993 Meta
2630 3944 2759 4004 (vide
2785 3944 2972 4005 infun:
3014 3947 3146 3992 sein
3171 3945 3394 3992 diuersos
3419 3946 3627 4002 angulos
3651 3951 3834 3992 cuneat
3857 3946 4103 4005 triquetra
4308 3942 4427 3990 occi-

1179 4027 1482 4087 dentaleque
1521 4029 1562 4074 A
1773 4043 1873 4077 una
1911 4029 1955 4076 L
2169 4029 2229 4078 12
2266 4027 2500 4096 magnus]
2537 4046 2716 4078 manus
2757 4032 2814 4092 P,
2864 4032 3112 4078 maximus
3150 4032 3194 4077 A
3404 4037 3482 4078 est
3517 4045 3615 4081 om.
3656 4031 3796 4077 XYZ
4002 4026 4140 4095 reni]
4175 4029 4420 4089 HPVLA,

1181 4113 1319 4160 rheni
1365 4114 1513 4172 XYZ,
1554 4114 1606 4160 in
1645 4114 1787 4162 rheni
1825 4115 1870 4161 B
2077 4112 2263 4182 hostia]
2300 4116 2550 4177 HPVLA,
2593 4118 2719 4164 ostia
2754 4119 2843 4165 rel.
3056 4124 3363 4178 spectantem
3400 4133 3497 4166 om.
3526 4117 3571 4163 Β
3777 4117 3922 4164 dehic
3959 4116 4003 4164 L
4209 4121 4425 4174 correpta

1182 4198 1369 4246 LAXY
1610 4201 1878 4249 altitudine
1923 4202 1963 4247 V
2202 4203 2404 4263 obliqua
2450 4203 2581 4250 VAB
2827 4201 2886 4252 13
2933 4204 3180 4251 abstracta
3214 4204 3261 4250 Β
3503 4205 3642 4252 exire
3686 4204 3906 4264 (exigere
3943 4204 4015 4265 H)
4059 4204 4179 4251 alios
4223 4205 4304 4264 (sic
4335 4189 4418 4262 52⁶,

1181 4301 1378 4334 auu*
1415 4284 1536 4354 V⁰)]
1571 4287 1634 4336 al.
1677 4288 1816 4335 exire
1854 4289 1895 4334 A
2128 4290 2345 4349 longiore
2381 4291 2582 4349 galliam
2622 4290 2904 4350 praetendit
2948 4290 3284 4350 (protendenti
3324 4290 3383 4344 L)
3427 4295 3575 4351 atque
3612 4291 3913 4350 germaniam
3952 4290 3996 4336 Β
4241 4288 4302 4336 14
4340 4303 4424 4348 po·

1180 4373 1366 4419 tentior
1402 4373 1443 4418 A
1727 4372 1788 4422 15
1826 4379 1969 4435 septe
2005 4375 2062 4420 H
2333 4376 2552 4434 treginta
2591 4376 2637 4422 P
2917 4375 2976 4424 16
3016 4372 3300 4441 siluestrae]
3336 4376 3501 4435 HPV,
3549 4377 3782 4424 siluestre
3821 4376 3928 4436 LB,
3970 4375 4190 4424 siluestri
4232 4375 4362 4421 AX?

1181 4455 1443 4524 planitiae]
1491 4459 1659 4520 HPX,
1716 4461 1927 4522 planitie
1975 4461 2088 4520 LY,
2150 4463 2397 4523 planiciae
2444 4462 2553 4524 VB,
2614 4463 2831 4524 planicie
2883 4463 2925 4508 A
3209 4462 3266 4510 17
3320 4464 3607 4510 circumflua
3652 4463 3742 4509 AB
4018 4463 4165 4509 facile
4200 4462 4347 4509 remis
4380 4462 4423 4506 A

1187 4541 1246 4591 18
1285 4545 1504 4593 motibus
1539 4559 1637 4595 om.
1679 4546 1722 4592 Β
1926 4548 2079 4595 latius
2117 4548 2224 4595 illic
2269 4548 2322 4608 V,
2363 4548 2485 4595 illuc
2518 4548 2609 4598 lat.
2649 4549 2696 4595 B
2909 4547 2969 4595 19
3006 4544 3201 4613 autem]
3238 4550 3376 4596 enim
3419 4549 3554 4595 XYZ
3761 4551 3876 4598 nob.
3918 4563 4013 4598 scr.
4053 4562 4129 4608 gr.
4174 4548 4264 4594 ΧΥ

1307 4693 2436 4701 —f——-—-—-——⁴——-——--

1359 4785 1401 4846 l)
1445 4788 1511 4848 cf.
1549 4787 1748 4834 Tacitus
1772 4786 1940 4847 Ayric.
1975 4791 2067 4836 10:
2105 4789 2310 4836 sormam
2349 4789 2503 4835 totius
2530 4789 2816 4836 Britanniae
2844 4789 3019 4835 Livius
3044 4793 3289 4849 veterum,
3333 4788 3517 4836 Fabius
3542 4789 3777 4837 Rusticus
3813 4791 4088 4838 recentium
4123 4788 4422 4850 eloquentis-

1180 4872 1294 4919 simi
1333 4879 1556 4921 auctores
1597 4911 1608 4922 .
1641 4910 1653 4922 .
1687 4912 1699 4924 .
1743 4875 1979 4934 oblongae
2016 4875 2240 4922 scutulae
2277 4875 2355 4922 vel
2401 4875 2610 4935 bipenni
2660 4874 3006 4922 adsimilavere
3046 4911 3057 4922 .
3092 4911 3103 4922 .
3138 4913 3148 4923 .
3191 4875 3318 4921 hanc
3363 4888 3495 4922 oram
3546 4876 3807 4923 novissimi
3851 4876 4000 4922 maris
4045 4880 4168 4923 tunc
4214 4876 4420 4936 primum

1183 4959 1398 5005 Romana
1433 4960 1605 5006 classis
1641 4961 1971 5007 circumvecta
2007 4961 2222 5009 insulam
2259 4975 2369 5008 esse
2407 4961 2717 5008 Britanniam
2755 4962 3034 5010 affirmavit.

1357 5044 1404 5105 2)
1448 5045 1517 5103 ef.
1566 5046 1767 5092 Tacitus
1804 5046 1968 5105 Ayric.
2015 5048 2109 5093 13.-
2147 5049 2344 5107 primus
2381 5048 2601 5094 omnium
2641 5048 2969 5094 Romanorum
3008 5039 3358 5095 divus‘lulius
3393 5062 3505 5094 cum
3544 5048 3766 5094 exercitu
3806 5047 4114 5095 Britanniam
4153 5048 4416 5105 ingressus.

1354 5130 1401 5189 3)
1445 5128 1576 5177 Mela
1613 5132 1662 5190 3,
1706 5133 1756 5189 6,
1800 5132 1896 5178 50:
1954 5131 2248 5194 (Britannia)
2293 5133 2427 5179 inter
2477 5134 2874 5194 septentrionem
2923 5134 3334 5195 occidentemque
3382 5135 3603 5193 proiecta
3649 5133 3820 5192 grandi
3866 5134 4049 5192 angulo
4097 5133 4260 5180 Rheni
4306 5132 4421 5178 ostia

1180 5216 1449 5276 prospicit;
1493 5216 1610 5263 dein
1650 5217 1849 5277 obliqua
1885 5223 2017 5264 retro
2054 5218 2209 5264 latera
2246 5219 2507 5279 abstrahit,
2550 5218 2706 5266 altero
2747 5219 2957 5266 Galliam
2998 5220 3151 5268 altero
3177 5219 3493 5267 Germaniam
3532 5223 3791 5280 spectans3
3836 5223 3943 5266 tum
3980 5232 4153 5265 rursus
4190 5222 4421 5280 perpetuo

1180 5302 1399 5361 margine
1449 5301 1622 5349 directi
1672 5302 1832 5350 litoris
1880 5305 1940 5349 ab
1978 5309 2165 5362 tergore
2202 5303 2412 5351 abducta
2450 5305 2635 5352 iterum
2675 5320 2727 5353 se
2763 5306 2819 5353 in
2857 5305 3077 5352 diversos
3113 5307 3319 5366 angulos
3355 5310 3535 5352 cuneat
3569 5306 3826 5365 triquetra.
3902 5302 3973 5362 cf.
4020 5304 4223 5352 Tacitus
4262 5303 4415 5362 Ayrie.

1186 5391 1281 5433 10:
1319 5390 1622 5435 immensum
1663 5423 1676 5437 .
1709 5424 1722 5436 .
1755 5424 1768 5437 .
1809 5390 2028 5449 spatium
2066 5391 2461 5450 procurrentium
2500 5399 2721 5439 extremo
2757 5394 2855 5439 iam
2894 5393 3034 5438 litore
3072 5397 3312 5440 terrarum
3352 5392 3492 5438 velut
3527 5393 3580 5438 in
3619 5404 3837 5437 cuneum
3874 5394 4131 5440 tenuatur.

1354 5473 1403 5534 4)
1446 5474 1546 5520 Dio
1580 5477 1696 5533 epit.
1739 5476 1822 5535 76,
1868 5477 1964 5522 1⁶2:
2010 5472 2099 5525 καὶ
2135 5472 2291 5541 αὐτῆς
2335 5476 2658 5538 (Britanniae)
2702 5477 2758 5527 τὸ
2808 5475 2901 5542 μὲν
2950 5481 3116 5543 μῆκος
3165 5474 3358 5527 στάδιοι
3407 5473 3776 5546 ἑπτακισχίλιοι
3821 5474 3909 5526 καὶ
3945 5472 4122 5525 ἑκατὸν
4158 5474 4419 5542 τριάκοντα

1181 5554 1271 5608 δύο
1310 5556 1424 5619 εἰσί,
1464 5561 1554 5609 τοῦ
1593 5556 1650 5608 δὲ
1686 5556 1750 5625 δὴ
1789 5556 2014 5615 πλάτους
2050 5559 2109 5610 τὸ
2148 5558 2241 5627 μὲν
2279 5558 2520 5611 πλεῖστον
2559 5559 2684 5612 δέκα
2719 5561 2807 5611 καὶ
2842 5561 3117 5628 τριακόσιοι
3152 5562 3240 5613 καὶ
3276 5561 3527 5632 δισχίλιοι,
3567 5561 3626 5612 τὸ
3664 5559 3720 5612 δὲ
3757 5558 4024 5631 ἐλάχιστον
4059 5559 4352 5628 τριακόσιοι.

1353 5645 1398 5706 5)
1442 5645 1512 5705 cf.
1548 5646 1744 5693 Tacitus
1769 5646 1933 5705 Ayric.
1965 5649 2060 5693 10:
2101 5660 2232 5693 mare
2268 5648 2465 5707 pigrum
2504 5656 2553 5695 et
2590 5662 2738 5708 grave
2773 5649 3134 5707 remigantibus
3174 5650 3440 5710 perhibent
3477 5662 3539 5696 ne
3577 5649 3743 5695 ventis
3782 5648 3984 5708 quidem
4011 5647 4223 5708 perinde
4248 5645 4415 5701 attolli,

1181 5729 1350 5792 crede,
1394 5732 1521 5791 quod
1559 5732 1771 5779 rariores
1808 5736 1965 5779 terrae
2002 5737 2322 5794 montesque,
2365 5747 2513 5781 causa
2549 5749 2604 5780 ac
2642 5735 2845 5781 materia
2881 5740 3268 5795 tempestatum,
3322 5739 3373 5782 et
3410 5735 3655 5796 profunda
3692 5735 3850 5781 moles
3886 5733 4114 5780 continui
4151 5734 4299 5780 maris
4334 5738 4419 5779 tat·

1179 5816 1297 5865 dius
1334 5817 1614 5877 impellitur
1655 5853 1668 5866 .
1701 5852 1714 5866 .
1747 5852 1761 5866 .
1802 5830 1958 5865 unum
1996 5817 2271 5865 addiderim
2311 5833 2556 5880 nusquam
2594 5821 2746 5868 latius
2782 5820 3021 5868 dominari
3062 5835 3211 5869 mare.
