4882 6775
502 1124 526 1163 5

464 1635 522 1675 10

467 2149 526 2189 15

461 2660 523 2703 20

2029 505 2329 564 GETIOA.
3731 507 3812 567 95

560 696 822 777 ignavia
881 697 1160 781 priorum
1211 697 1569 782 principum
1629 705 1694 763 et
1753 697 2005 763 desidia
2064 697 2329 763 exclusa
2373 695 2623 761 Gothus
2669 703 2740 761 ut
2784 693 3008 773 sensit,
3075 692 3426 777 pertimuit.
3518 711 3667 757 nam
3711 692 3813 757 in-
3857 688 4110 754 XXVII

563 805 817 883 perator
873 799 1006 863 acri
1063 800 1320 865 omnino
1377 800 1625 883 ingenii
1667 801 2029 884 virtuteque
2074 809 2140 866 et
2181 800 2450 866 consilio
2495 799 2709 864 clarus
2769 797 2922 863 dum
2978 804 3471 880 praeceptorum
3531 795 3817 861 saeveri-

565 907 695 966 tate
742 907 807 966 et
850 901 1236 967 liberalitate
1278 903 1723 985 blanditiaque
1770 922 1888 968 sua
1929 903 2268 968 remissum
2314 902 2662 968 exercitum
2706 900 2793 966 ad
2836 899 3026 965 fortia
3069 905 3464 984 provocaret.
3550 905 3618 963 at
3661 917 3813 963 vero
3862 898 3984 960 140

567 1003 676 1068 ubi
732 1004 972 1069 milites
1029 1005 1315 1090 principe
1376 1004 1639 1071 meliore
1692 1012 1933 1071 mutato
1993 1005 2298 1071 fiduciam
2357 1012 2779 1090 acceperunt,
2846 1001 3089 1068 Gothos
3146 1002 3458 1086 impetere
3501 1006 3819 1084 temptant

567 1124 803 1189 eosque
849 1107 1166 1173 Thraciae
1207 1107 1444 1173 finibus
1487 1107 1758 1192 pellunt.
1841 1108 1957 1174 sed
2000 1107 2365 1173 Theodosio
2409 1106 2699 1191 principe
2744 1125 2908 1190 pene
2952 1110 3105 1170 tunc
3147 1123 3351 1187 usque
3395 1103 3481 1168 ad
3526 1102 3819 1187 dispera-

562 1208 797 1274 tionem
856 1211 1173 1291 egrotanti
1229 1210 1416 1276 datur
1455 1210 1687 1275 iterum
1732 1210 1960 1275 Gothis
2005 1210 2280 1276 audacia
2324 1210 2660 1291 divisoque
2705 1208 2989 1274 exercitu
3033 1206 3433 1290 Fritigernus
3476 1204 3564 1270 ad
3607 1204 3818 1270 Thes-

564 1310 792 1375 saliam
849 1312 1328 1396 praedandam,
1395 1313 1626 1398 Epiros
1688 1320 1754 1378 et
1793 1312 2104 1377 Achaiam
2160 1313 2490 1395 digressus
2537 1319 2666 1393 est,
2733 1310 3046 1376 Alatheus
3091 1329 3244 1375 vero
3291 1316 3356 1375 et
3402 1308 3630 1374 Safrac
3673 1328 3817 1373 cum

563 1412 840 1479 residuis
885 1416 1086 1499 copiis
1130 1416 1525 1482 Pannoniam
1569 1416 1912 1500 petierunt.
1992 1416 2165 1499 quod
2211 1435 2353 1480 cum
2385 1414 2733 1480 Gratianus
2777 1414 3137 1498 imperator,
3192 1413 3300 1496 qui
3344 1419 3496 1477 tunc
3538 1432 3580 1476 a
3610 1412 3814 1475 Roma
3864 1412 3978 1472 141

561 1515 628 1579 in
686 1515 895 1581 Gallis
955 1518 1035 1583 ob
1092 1518 1453 1584 incursione
1512 1517 1944 1583 Vandalorum
2004 1525 2392 1597 recesserat,
2475 1516 2898 1602 conperisset,
2981 1516 3134 1597 quia
3192 1514 3556 1580 Theodosio
3628 1512 3817 1578 fatali

564 1617 1015 1703 desperatione
1061 1622 1517 1687 succumbente
1563 1620 1755 1687 Gothi
1800 1621 2007 1686 maius
2054 1620 2407 1701 saevirent,
2479 1639 2626 1684 mox
2682 1619 2770 1684 ad
2813 1638 2924 1685 eos
2970 1619 3237 1685 collecto
3280 1617 3459 1683 venit
3501 1616 3806 1696 exercitu,

561 1740 680 1786 nec
722 1728 939 1786 tamen
985 1722 1187 1789 fretus
1230 1724 1299 1788 in
1345 1723 1559 1804 armis,
1618 1724 1735 1788 sed
1777 1724 1988 1806 gratia
2034 1742 2142 1789 eos
2188 1723 2683 1806 muneribusque
2727 1722 3033 1802 victurus,
3083 1740 3459 1804 pacemque,
3510 1718 3818 1784 victualia

560 1823 694 1888 illis
739 1825 1132 1908 concedens,
1185 1846 1327 1891 cum
1371 1827 1534 1911 ipsis
1577 1827 1735 1892 inito
1778 1826 2038 1892 foedere
2085 1826 2260 1892 fecit.

731 1926 858 1992 Vbi
915 1948 1066 1993 vero
1122 1938 1268 2013 post
1323 1931 1487 1996 haec
1549 1929 1950 1995 Theodosius
2010 1929 2335 1994 convaluit
2389 1928 2737 2014 imperator
2791 1926 3197 2012 repperitque
3258 1946 3399 1991 cum
3461 1924 3690 1990 Gothis
3749 1932 3816 1990 et
3858 1887 4142 2037 {14}ssss

563 2029 868 2094 Romanis
914 2031 1222 2096 Gratiano
1275 2032 1659 2117 imperatore
1715 2032 2042 2117 pepigisse
2101 2031 2274 2113 quod
2330 2031 2473 2115 ipse
2534 2037 2900 2116 optaverat,
2968 2028 3315 2094 admodum
3375 2036 3558 2111 grato
3600 2028 3814 2093 animo

564 2129 786 2197 ferens
823 2140 887 2198 et
929 2133 1070 2218 ipse
1111 2135 1180 2199 in
1225 2135 1346 2201 hac
1389 2155 1547 2220 pace
1609 2136 1963 2215 consensit,
2035 2134 2576 2216 Aithanaricoque
2636 2153 2823 2216 rege,
2892 2132 3000 2215 qui
3057 2138 3208 2197 tunc
3252 2131 3613 2213 Fritigerno
3665 2150 3815 2196 suc-

563 2244 876 2315 cesserat,
947 2236 1118 2301 datis
1178 2238 1302 2303 sibi
1362 2238 1732 2304 muneribus
1790 2237 2057 2303 sociavit
2114 2237 2523 2319 moribusque
2583 2237 2718 2301 suis
2778 2234 3258 2319 benignissimis
3310 2234 3397 2298 ad
3441 2254 3511 2299 se
3556 2254 3703 2299 eum
3747 2233 3814 2297 in

562 2336 1176 2423 Constantinopolim
1222 2340 1533 2406 accedere
1576 2341 1891 2406 invitavit.
1986 2340 2097 2423 qui
2156 2340 2410 2406 omnino
2468 2339 2742 2405 libenter
2797 2338 3221 2420 adquiescens
3279 2336 3465 2419 regia
3507 2336 3663 2401 urbe
3708 2335 3813 2400 in-
3860 2335 3980 2397 143

563 2458 825 2520 gressus
869 2448 969 2506 est
1011 2442 1416 2526 miransque:
1474 2443 1642 2522 ‘en',
1693 2442 1936 2524 inquid,
2003 2447 2239 2521 ‘cerno,
2293 2442 2466 2523 quod
2496 2462 2692 2526 saepe
2720 2440 3092 2506 incredulus
3121 2439 3518 2519 audiebam’,
3571 2438 3813 2503 famam

561 2541 865 2609 videlicet
905 2552 1124 2611 tantae
1169 2546 1379 2623 urbis3
1451 2554 1517 2611 et
1559 2545 1684 2611 huc
1726 2545 1882 2610 illuc
1925 2546 2143 2610 oculos
2190 2545 2453 2610 volvens
2498 2564 2666 2609 nunc
2712 2544 2902 2608 situm
2948 2542 3124 2607 urbis
3167 2549 3652 2623 commeatuque
3696 2561 3816 2606 na-

564 2644 769 2724 vium,
838 2667 1007 2711 nunc
1063 2647 1316 2712 moenia
1360 2648 1535 2712 clara
1578 2653 1994 2732 prospectans
2040 2648 2336 2726 miratur,
2403 2647 2808 2731 populosque
2853 2645 3251 2710 diversarum
3295 2644 3582 2727 gentium
3628 2643 3814 2726 quasi

563 2746 736 2813 fonte
792 2747 858 2813 in
919 2769 1045 2815 uno
1104 2770 1140 2815 e
1199 2750 1472 2816 diversis
1527 2750 1818 2834 partibus
1877 2750 2298 2815 scaturriente
2342 2748 2550 2829 unda,
2619 2749 2712 2813 sic
2755 2767 3006 2831 quoque
3053 2746 3256 2812 milite
3302 2746 3594 2811 ordinato
3637 2746 3815 2830 aspi-

555 2850 767 2931 ciens:
846 2851 1095 2929 ‘deus’‚
1159 2852 1403 2934 inquit,
1478 2852 1653 2918 ‘sine
1713 2844 1907 2918 dubio
1968 2860 2282 2944 terrenus,
2320 2860 2418 2917 est
2474 2852 2823 2936 imperator
2865 2858 2931 2916 et
2972 2850 3263 2933 quisquis
3308 2849 3622 2915 adversus
3666 2868 3811 2913 eum

570 2955 802 3017 ‘manu
848 2954 1149 3035 moverit,
1215 2954 1356 3039 ipse
1417 2955 1518 3020 sui
1565 2956 1897 3039 sanguinis
1942 2975 2091 3021 reus
2137 2954 2409 3020 existit’.
2502 2954 2570 3018 in
2614 2955 2734 3019 tali
2778 2974 2930 3037 ergo
2975 2951 3397 3017 admiratione
3441 2951 3809 3033 maioreque
3861 2954 3981 3013 144

728 3452 851 3499 ΗΡ
880 3452 986 3500 VL
1010 3454 1056 3500 A
1085 3453 1127 3500 Ο
1153 3452 1198 3500 Β
1224 3453 1270 3500 Χ
1298 3453 1472 3515 (YZ).
1552 3454 1741 3502 Paulus
1777 3454 1824 3503 h.
1868 3454 1929 3503 Β.
1975 3459 2057 3514 11,
2101 3458 2165 3503 15
2210 3456 2255 3514 (a
2297 3455 2355 3505 15
2393 3453 2861 3517 Aithanaricoque).

726 3639 747 3687 1
789 3637 1011 3706 ignauia]
1048 3640 1367 3704 H(‘?)PVLA,
1411 3643 1659 3702 ignauiam
1701 3642 1844 3691 ΟΒΧ
1855 3643 1895 3690 Y
2096 3649 2148 3690 et
2182 3643 2372 3690 desidia
2407 3640 2631 3710 exclusa]
2671 3641 2869 3704 PVLA,
2912 3648 2962 3688 et
2999 3640 3247 3687 desideria
3282 3639 3485 3703 exclusa
3519 3639 3584 3698 Η,
3628 3644 3680 3687 et
3715 3640 3807 3687 de-

552 3724 725 3772 sidiam
763 3727 1019 3773 exclusam
1063 3726 1212 3788 ΟΒΧ,
1268 3729 1526 3776 exclusam
1575 3728 1617 3775 Υ
1904 3728 2076 3788 gothos
2117 3728 2208 3776 Po
2500 3735 2558 3776 ut
2596 3723 2778 3794 sensit]
2813 3726 3072 3774 subsensit
3109 3725 3197 3772 PA
3476 3725 3724 3787 pertinuit
3765 3726 3807 3772 Ο

552 3808 580 3857 2
615 3808 828 3878 ingenii]
865 3811 918 3857 H
929 3811 1109 3859 VLOX
1118 3812 1215 3872 YZ,
1257 3814 1411 3873 igenii
1454 3813 1512 3873 P,
1554 3814 1756 3874 ingenio
1792 3813 1886 3861 AB
2119 3827 2218 3875 que
2253 3827 2350 3863 om.
2390 3814 2440 3861 Χ
2450 3814 2530 3861 YZ
2757 3808 2900 3878 dum]
2935 3826 3047 3859 cum
3085 3812 3129 3858 Β
3362 3809 3392 3858 3
3429 3811 3807 3873 blandiciaeque

489 3949 494 3952 ,
555 3896 612 3958 Ο,
653 3897 1002 3958 blandicieque
1041 3898 1086 3945 Β
1291 3905 1586 3961 prouocarat
1622 3899 1668 3946 B
1897 3898 1928 3947 4
1966 3897 2180 3967 mutato]
2216 3907 2450 3949 renouato
2487 3901 2624 3948 XYZ
2833 3898 2995 3959 gothis
3036 3897 3078 3944 Ο
3286 3892 3552 3962 impetere]
3590 3898 3807 3958 impera·

549 3987 650 4030 tore
692 3982 735 4031 Ο
953 3983 1014 4046 ,5
1051 3983 1299 4032 theosium
1336 3986 1611 4046 principem
1654 3984 1715 4044 Ο,
1756 3984 2011 4034 theodosio
2059 3986 2169 4045 (om.
2211 3986 2459 4046 principe)
2501 3987 2546 4032 A
2777 3980 2932 4050 pene]
2966 3987 3075 4043 post
3110 3983 3507 4044 desperationem
3545 3983 3607 4041 A,
3647 3995 3806 4044 penes

551 4068 604 4128 P,
646 4082 708 4116 ne
745 4068 789 4116 L
1019 4074 1141 4117 tunc
1175 4056 1272 4117 om.
1300 4071 1345 4118 A
1590 4067 2001 4136 disperationem]
2039 4071 2290 4131 HPVLO,
2334 4072 2477 4133 desp.
2517 4073 2605 4119 rel.
2856 4070 2886 4119 6
2923 4064 3194 4134 egrotanti]
3233 4067 3438 4126 HPLO,
3486 4068 3805 4128 (a)egrotante

558 4153 789 4201 VABXY
989 4155 1135 4203 datur
1171 4157 1353 4204 iterum
1398 4156 1557 4216 (OBX
1568 4156 1618 4214 Y,
1656 4147 1814 4215 igitu’r
1842 4155 2047 4219 HPVL)
2092 4153 2280 4223 gothis]
2315 4156 2481 4217 gothis
2519 4157 2664 4204 datur
2701 4157 2747 4203 A
2954 4155 3207 4202 audaciam
3248 4154 3292 4202 Ο
3499 4153 3805 4214 fridigernus

554 4238 641 4286 OB
874 4240 1132 4288 thesaliam
1174 4241 1216 4287 Ο
1460 4240 1487 4288 ’7
1528 4255 1699 4303 epyros
1740 4241 1800 4302 Ο,
1842 4254 2027 4303 epyron
2067 4243 2112 4288 A
2354 4237 2597 4307 achaiam]
2635 4240 2919 4288 PLAOBX
2929 4241 2978 4301 Y,
3021 4240 3215 4288 achiam
3250 4238 3352 4287 HV
3592 4239 3802 4298 digressi

549 4331 667 4372 sunt
708 4325 750 4373 Ο
994 4322 1172 4392 sarrae]
1209 4327 1366 4385 AYZ,
1408 4327 1535 4374 safra
1570 4324 1900 4373 HPVLOBX
2177 4324 2207 4374 8
2245 4330 2496 4388 pannonia
2532 4329 2577 4374 A
2838 4341 2950 4374 cum
2986 4339 3082 4374 om.
3124 4324 3247 4373 ,4⁴¹0
3507 4340 3536 4371 a
3571 4337 3667 4373 om.
3713 4324 3806 4371 013

550 4408 581 4458 9
617 4411 783 4469 gallias
820 4410 967 4458 ABX
978 4412 1019 4458 Y
1240 4408 1547 4478 incursione]
1584 4410 1742 4470 HPV,
1779 4413 2117 4460 incursionem
2156 4412 2445 4460 LAOBXY
2680 4408 3028 4478 uandalorum]
3064 4411 3433 4459 uuandolorum
3475 4410 3549 4458 0.·
3586 4413 3804 4470 expectes

547 4496 967 4545 Alamannorum:
1010 4496 1079 4556 cf.
1108 4497 1330 4546 Socrates
1355 4497 1399 4544 h.
1432 4499 1547 4546 eccl.
1580 4499 1628 4558 5,
1657 4499 1724 4544 6.·
1761 4491 2032 4565 Γρατίανος
2073 4496 2166 4563 μὲν
2202 4493 2353 4554 εὐθὺς
2392 4494 2476 4546 ἐπὶ
2509 4493 2601 4555 τὰς
2638 4492 2857 4554 Γαλλίας
2895 4496 3079 4566 ἐχώρει
3112 4489 3423 4563 Ἀλαμανῶν
3459 4493 3802 4566 κατατρεχόν-

547 4597 645 4630 των
681 4580 775 4649 τὴν
815 4578 928 4632 ἐκεῖ
960 4582 1134 4653 χώραν
1363 4579 1659 4649 recesserat]
1698 4569 1896 4641 OBXY,
1942 4588 2214 4631 secesserat
2248 4582 2483 4630 HPVLA
2720 4583 2781 4632 10
2818 4584 3174 4632 subcumbenti
3213 4583 3305 4631 OB
3530 4595 3577 4641 g.
3620 4577 3803 4647 maius]

550 4666 844 4728 HPVLXZ‚
886 4683 931 4729 g.
974 4670 1128 4728 magis
1168 4668 1275 4729 OB,
1316 4683 1364 4729 g.
1405 4670 1536 4728 magi
1571 4670 1632 4729 A,
1676 4682 1772 4716 om.
1813 4668 1855 4715 Υ
2092 4671 2344 4718 seruirent
2382 4667 2501 4716 OB·
2747 4669 2809 4717 ad
2845 4665 2951 4735 eos]
2986 4669 3108 4716 adeo
3146 4671 3191 4716 A
3424 4681 3505 4716 ex.
3547 4680 3671 4717 uen.
3709 4669 3759 4715 Χ
3770 4668 3811 4714 Y

551 4753 604 4802 11
646 4755 808 4802 fretus
852 4753 1036 4811 (fredus
1077 4751 1137 4818 O)
1176 4756 1233 4802 in
1277 4755 1348 4815 (in
1386 4767 1482 4803 om.
1512 4755 1573 4815 A)
1615 4750 1785 4820 armis]
1820 4755 2212 4802 fretuaeunmnis
2249 4753 2328 4801 P‘
2575 4752 2995 4820 muneribusque]
3033 4755 3328 4802 muneribus
3366 4753 3409 4800 L
3644 4750 3799 4818 uict.]

545 4847 596 4888 et
630 4842 756 4891 uict.
787 4839 834 4886 B
1047 4838 1107 4887 12
1144 4837 1288 4905 fecit]
1324 4840 1363 4889 f.
1402 4840 1585 4888 amicos
1611 4840 1657 4886 A
1868 4837 1930 4888 13
1967 4836 2113 4905 uero]
2148 4853 2263 4900 ergo
2287 4840 2344 4886 H
2546 4847 2660 4902 post
2696 4842 2816 4888 haec
2851 4854 2947 4888 om.
2978 4840 3024 4886 A
3232 4840 3358 4902 imp.
3396 4838 3470 4888 th.
3512 4852 3657 4887 conu.
3685 4839 3732 4885 A

546 4921 888 4990 repperitque]
923 4926 1259 4986 temperitque
1302 4925 1359 4986 Z,
1402 4926 1738 4987 comperitque
1776 4925 1882 4987 ΧΥ,
1926 4927 2253 4987 repperitque
2289 4926 2573 4987 gracianum
2609 4926 2654 4973 Β
2902 4924 2963 4973 14
3000 4926 3225 4986 gratiano
3260 4920 3579 4990 imperatore]
3615 4925 3799 4984 gratia·

546 5025 664 5059 num
701 5013 1047 5074 imperatorem
1085 5011 1147 5072 Χ,
1188 5013 1465 5070 gratianum
1503 5011 1612 5073 AY,
1655 5025 1749 5058 om.
1785 5011 1874 5059 OB
2120 5007 2396 5077 pepigisse]
2432 5010 2672 5060 HPVLX
2683 5012 2733 5070 Y,
2774 5011 2949 5058 foedus
2986 5024 3103 5073 pep.
3144 5012 3205 5068 A,
3248 5024 3367 5073 pep.
3415 5010 3694 5073 (pepegisse
3735 5009 3795 5067 Ο)

546 5097 720 5145 foedus
760 5097 902 5145 ΟΒΖ
1128 5095 1187 5144 15
1222 5097 1417 5145 ferrens
1460 5083 1543 5157 Ob,
1584 5096 1758 5144 ferreis
1799 5094 1870 5143 0⁶¹
2078 5093 2192 5162 hac]
2228 5111 2282 5145 ac
2323 5083 2407 5156 0¹³,
2450 5111 2506 5145 oc
2547 5096 2618 5145 0⁴¹
2824 5093 2970 5162 pace]
3006 5097 3076 5144 bis
3113 5095 3213 5157 X‘,
3256 5110 3350 5145 om.
3387 5096 3429 5144 Ο
3637 5096 3797 5143 aitha-

543 5187 805 5245 naricoque
840 5179 981 5247 rege]
1017 5181 1222 5240 HPVL,
1280 5182 1741 5243 aithanaricumque
1774 5195 1940 5241 regem
1980 5182 2028 5229 X
2039 5182 2137 5243 ΥΖ,
2197 5182 2641 5244 athanaricumque
2676 5196 2842 5243 regem
2881 5183 2944 5242 A,
3002 5184 3324 5230 aitanaricum
3366 5181 3693 5241 (atanaricum
3730 5180 3793 5241 Β)

545 5282 741 5331 quoque
775 5283 942 5330 regem
982 5268 1074 5316 ΟΒ
1281 5273 1404 5314 tunc
1438 5281 1535 5315 om.
1577 5269 1624 5314 A
1830 5267 2101 5327 fridigerno
2137 5269 2197 5330 B,
2241 5268 2542 5328 fridigernus
2582 5267 2655 5316 0⁰
2903 5267 2965 5317 16
3001 5263 3344 5334 moribusque]
3381 5267 3601 5315 moribus
3640 5266 3730 5314 OB

543 5356 938 5416 benignissimus
977 5354 1036 5414 Ο,
1079 5354 1470 5412 benignissimus
1508 5358 1561 5400 et
1595 5352 1643 5401 B
1933 5355 1989 5401 in
2027 5368 2122 5401 om.
2165 5355 2212 5401 A
2511 5353 2570 5403 17
2609 5354 3083 5416 constantinopolim
3127 5354 3574 5415 (canstitonopolim
3611 5354 3674 5413 A)
3714 5367 3796 5400 ac-

541 5441 710 5490 cedere
747 5455 846 5488 om.
888 5440 932 5487 L
1138 5435 1410 5505 inuitauit]
1445 5440 1598 5487 iussit
1631 5437 1679 5485 A
1904 5441 2092 5498 regiam
2128 5442 2303 5488 urbem
2336 5439 2580 5488 LAOBX
2589 5440 2631 5487 Υ
2874 5438 2933 5489 18
2970 5445 3048 5488 est
3082 5452 3180 5490 om.
3222 5438 3312 5493 PA.
3516 5438 3797 5486 incredolus

544 5525 587 5572 P
814 5524 876 5574 19
914 5527 1048 5573 hunc
1083 5525 1126 5573 L
1355 5525 1579 5586 illucque
1614 5525 1712 5572 AX
1722 5511 1791 5571 1²²>
2020 5521 2421 5591 commeatuque]
2458 5524 2738 5586 H(?)PVA‚
2781 5533 3208 5586 commeatumque
3245 5524 3447 5582 LBXY,
3486 5525 3799 5572 commeatis-

541 5624 638 5672 que
678 5611 738 5671 Ο,
780 5617 1102 5672 meatumque
1139 5612 1181 5658 Ζ
1413 5608 1479 5659 20
1515 5611 1785 5658 mirabatur
1819 5610 1863 5658 L
2069 5611 2386 5673 populusque
2425 5611 2469 5658 O
2701 5609 2761 5658 21
2802 5606 3043 5676 diuersis]
3078 5611 3362 5659 diuersibus
3404 5610 3446 5658 Ο
3653 5611 3796 5657 mili-

540 5703 641 5744 tem
681 5698 917 5759 (militum
957 5696 1044 5756 Ba)
1088 5697 1366 5745 ordinatum
1403 5696 1559 5758 AOB,
1603 5697 1790 5744 milites
1825 5696 2076 5745 ordinatos
2113 5696 2160 5743 X
2174 5696 2213 5743 Y
2448 5695 2514 5744 22
2552 5702 2631 5744 est
2667 5710 2762 5745 om.
2805 5698 2852 5743 A
3078 5695 3141 5745 23
3180 5692 3355 5762 manu]
3390 5695 3550 5756 HPV,
3589 5709 3793 5742 manum

542 5782 777 5831 LAOBX
788 5783 828 5829 Y
1029 5795 1128 5843 que
1163 5796 1257 5830 om.
1300 5783 1346 5830 A
