4882 6775
2016 487 2353 543 ROMANA.
3732 485 3815 547 39

556 687 704 745 runt
746 680 1273 746 antecedentibus
1319 679 1443 745 sibi
1487 679 1708 745 liberis
1755 678 2183 761 uxoribusque
2228 677 2404 761 regis
2433 679 2774 743 Persarum
2821 675 3189 760 praedaque
3233 674 3351 739 illa
3385 673 3631 757 ingenti
3662 693 3826 756 gen-

267 798 393 839 Hier-
423 799 527 840 23¹⁷
556 784 713 849 tium
760 784 1182 849 diversarum.
1220 782 1244 867 ΙΙ
1277 783 1370 848 sic
1414 804 1666 866 quoque
1711 782 2028 848 concitata
2073 782 2518 866 persecutione
2562 781 2630 845 in
2677 779 3077 847 Christianos
3124 779 3550 845 Dioclitianus
3584 827 3599 842 .
3658 827 3672 842 .
3729 826 3743 841 .
3800 826 3814 839 .

270 1108 397 1148 mer.
426 1109 525 1149 2³77
563 1142 1150 1157 .........
1203 1092 1813 1177 Cappadociamque
1860 1091 2203 1157 defunctus
2256 1098 2357 1158 est
2401 1091 2835 1157 Constantius.
3856 1088 3981 1152 303

268 1210 394 1251 mer.
426 1210 530 1252 τηε
730 1194 1022 1259 Iulianus
1067 1202 1367 1279 apostata
1411 1195 1709 1277 regnavit
1753 1216 1859 1259 an.
1912 1216 2036 1259 uno
2081 1216 2166 1259 m.
2219 1214 2383 1277 vm,
2445 1194 2795 1277 relictaque
2842 1187 3325 1259 Christianitate
3371 1190 3456 1256 ad
3502 1190 3817 1256 idolorum
3856 1196 3977 1256 304

556 1300 806 1363 cultura
865 1318 1209 1363 conversus
1272 1305 1370 1363 est
1428 1300 1791 1380 multosque
1849 1297 2094 1363 blanda
2153 1298 2595 1382 persecutione
2656 1298 2953 1362 inliciens
3012 1296 3097 1360 ad
3144 1293 3633 1360 sacrificandum
3678 1292 3820 1356 ido-

221 1418 353 1457 Eutr·
391 1419 451 1465 ¹0.
487 1420 530 1458 ια
560 1401 640 1465 lis
697 1401 999 1486 conpulit.
1059 1401 1083 1485 Η
1136 1401 1278 1485 ipse
1339 1402 1395 1466 si
1439 1402 1699 1484 quidem
1745 1403 1843 1466 vir
1888 1402 2190 1484 egregius
2236 1409 2301 1467 et
2345 1402 2435 1467 rei
2483 1401 2779 1485 publicae
2824 1399 3229 1466 necessarius
3275 1397 3528 1462 Parthis
3571 1394 3819 1478 ingenti

267 1519 393 1560 nior.
424 1520 527 1562 τηις
555 1511 871 1588 apparatu
928 1504 1146 1570 intulit
1199 1505 1460 1569 bellum.
1522 1505 1546 1589 ΙΙ
1607 1505 1716 1569 ubi
1778 1505 2189 1588 proficiscens
2247 1505 2756 1570 Christianorum
2827 1508 2972 1588 post
3040 1502 3368 1567 victoriam
3437 1498 3818 1582 sanguinem

265 1623 397 1663 Eutr-
425 1624 456 1663 ¹.
487 1636 525 1663 c.
558 1606 685 1671 diis
745 1607 879 1671 suis
938 1607 1178 1672 votavit
1229 1606 1253 1690 Η
1313 1607 1749 1690 nonnullaque
1809 1608 2185 1671 Parthorum
2247 1607 2487 1691 oppida
2545 1607 2610 1670 in
2671 1606 2997 1671 deditione
3056 1604 3307 1688 accepit
3363 1603 3691 1683 multaque
3752 1600 3817 1664 vi
3859 1627 3915 1666 ιο

241 1726 377 1766 oros.
407 1728 444 1773 τ,
475 1730 526 1767 :so
555 1711 899 1794 populatus
958 1719 1090 1791 est,
1157 1717 1493 1792 castraque
1539 1710 1920 1792 aliquandiu
1965 1710 2135 1794 apud
2183 1710 2602 1776 Ctesifontem
2664 1710 2906 1774 habuit.
2966 1708 2991 1793 ΙΙ
3045 1707 3217 1772 unde
3263 1724 3598 1790 egressus,
3667 1704 3816 1768 dolo
3854 1713 3977 1772 305

553 1813 886 1877 cuiusdam
931 1813 1308 1896 transfugae
1354 1814 1420 1878 in
1466 1813 1725 1878 deserta
1767 1812 2146 1896 perducturi,
2200 1833 2340 1878 cum
2387 1813 2453 1878 vi
2500 1812 2675 1893 sitis,
2730 1812 2957 1877 ardore
3005 1811 3159 1877 solis
3206 1810 3532 1876 confectus
3578 1807 3817 1893 periret

552 1916 909 1996 exercitus,
969 1917 1109 2001 ipse
1155 1922 1474 1981 tantorum
1507 1915 1956 1981 'discriminum
2003 1916 2267 1997 anxius,
2337 1916 2489 1981 dum
2533 1937 2650 2001 per
2694 1923 2881 1980 vasta
2927 1914 3165 1979 deserti
3210 1912 3528 1978 incautius
3573 1932 3816 1994 evaga-

263 2036 392 2077 nier.
424 2035 454 2075 ι.
484 2047 522 2076 e.
554 2026 686 2099 tur,
753 2018 835 2082 ab
881 2019 1069 2085 obvio
1117 2020 1391 2102 quodam
1438 2019 1717 2084 hostium
1763 2019 1976 2102 equite
2022 2026 2207 2084 conto
2256 2018 2280 2103 ΙΙ
2322 2019 2438 2083 ilia
2483 2038 2826 2103 percussus
2874 2017 3114 2083 interiit
3156 2038 3326 2082 anno
3373 2015 3607 2081 aetatis
3654 2034 3814 2079 suae

549 2121 883 2187 trecesimo
929 2122 1135 2187 tertio.
1217 2130 1362 2206 post
1405 2142 1593 2204 quem
1640 2123 1936 2203 sequenti
1981 2123 2128 2187 diae
2174 2123 2258 2187 ab
2305 2121 2587 2187 exercitu
2635 2121 2941 2187 Iobianus
2984 2119 3384 2205 primicerius
3431 2117 3813 2183 domestico-
3858 2143 3913 2182 εὖ

550 2244 687 2288 rum
732 2225 799 2289 in
845 2245 1043 2308 regno
1088 2226 1329 2290 ascitus
1374 2232 1495 2290 est.
3554 2240 3558 2244 ·

255 2345 386 2385 mor.
417 2346 521 2387 axso
722 2327 1025 2393 lobianus
1082 2328 1378 2411 regnavit
1432 2346 1689 2392 menses
1750 2333 1914 2392 octo,
2017 2327 2126 2409 qui
2187 2347 2334 2391 mox
2395 2348 2605 2392 rerum
2662 2326 3051 2393 necessitate
3113 2326 3458 2410 conpulsus
3505 2324 3808 2390 Nitzibim
3850 2333 3974 2394 306

548 2437 614 2495 et
671 2450 973 2512 magnam
1030 2430 1532 2515 Mesopotamiae
1591 2438 1835 2515 partem
1899 2431 2127 2514 Sapori
2186 2431 2564 2496 Parthorum
2629 2430 2767 2514 regi
2828 2428 3233 2495 contradedit
3288 2428 3559 2513 ipseque
3618 2428 3810 2493 odore

549 2553 894 2617 prunarum
940 2534 1257 2599 offucatus
1303 2534 1646 2600 defunctus
1693 2540 1793 2600 est
1836 2533 2301 2601 Dadasthanae
2347 2555 2515 2598 anno
2560 2534 2795 2599 aetatis
2840 2551 3087 2598 xxx111.
3857 2558 3912 2597 ιο

255 2656 384 2696 usar.
415 2656 515 2695 2:³⁸1
720 2637 1214 2702 Valentinianus
1259 2644 1325 2701 et
1368 2638 1610 2702 Valens
1655 2645 2089 2720 regnaverunt
2131 2658 2281 2702 ann.
2333 2656 2464 2702 x111
2509 2658 2592 2701 m.
2648 2657 2714 2701 v.
2808 2658 2957 2701 nam
3006 2638 3343 2700 Pannones
3389 2642 3573 2700 erant
3617 2636 3813 2701 Ciba-
3850 2643 3974 2703 307

547 2740 760 2806 lenses
805 2740 1124 2822 utrimque
1169 2740 1481 2824 germani.
1575 2740 1643 2805 in
1689 2740 2066 2806 Nicomedia
2110 2742 2501 2808 tribunatum
2533 2740 3027 2806 Valentinianus
3072 2740 3311 2822 agebat
3330 2738 3399 2822 ¹),
3450 2738 3558 2821 qui
3603 2738 3815 2822 impe—

547 2849 717 2908 rator
781 2850 1033 2924 creatus
1101 2843 1361 2909 fratrem
1421 2845 1759 2909 Valentem
1829 2851 2187 2911 consortem
2257 2844 2438 2927 regni
2500 2843 2883 2928 adsumpsit.
2979 2843 3118 2928 ipse
3178 2862 3328 2906 vero
3389 2841 3692 2924 egregius
3750 2848 3816 2905 et

547 2947 879 3011 Aureliani
935 2946 1165 3011 similis
1223 2948 1542 3030 moribus,
1608 2947 1733 3013 nisi
1794 2948 1964 3029 quod
2025 2948 2432 3013 severitatem
2495 2947 2634 3012 eius
2670 2947 2957 3012 ¹nimiam
3019 2952 3085 3010 et
3126 2944 3502 3029 parcitatem
3548 2942 3811 3026 quidam

402 3067 517 3109 ιοιᾱ.
547 3048 990 3115 crudelitatem
1036 3057 1100 3115 et
1144 3050 1481 3115 avaritiam
1527 3051 1979 3117 causabantur.
2019 3051 2043 3135 Η
2090 3052 2312 3116 relicto
2360 3071 2664 3133 germano
2704 3048 3019 3116 Orientali
3061 3048 3130 3113 in
3175 3067 3373 3131 regno
3417 3047 3557 3131 ipse
3604 3047 3810 3132 Espe-
3849 3073 3906 3115 2⁴

253 3171 384 3212 mer.
416 3172 518 3213 zm
549 3153 710 3217 rium
771 3154 998 3218 tenuit.
1060 3155 1083 3238 ΙΙ
1137 3175 1260 3237 quo
1317 3161 1468 3219 tunc
1531 3160 1844 3237 regnante
1900 3155 2067 3219 alter
2109 3154 2602 3219 Valentinianus
2660 3154 2728 3218 in
2774 3152 3090 3218 Brittania
3147 3150 3555 3235 tyrannidem
3612 3149 3812 3215 adsu—
3849 3161 3973 3223 308

253 3274 385 3315 nior.
417 3274 521 3317 2382
548 3276 729 3320 mens
774 3256 840 3320 in
886 3256 1233 3322 continenti
1280 3276 1628 3341 oppressus
1675 3263 1792 3322 est.
1854 3258 1877 3341 ΙΙ
1932 3257 2549 3342 Constantinopolim
2596 3276 2849 3339 quoque
2894 3255 3240 3340 Procopius
3286 3254 3547 3336 quidam
3594 3261 3813 3319 contra

544 3359 883 3425 Valentem
928 3360 1269 3444 insurgens
1313 3360 1601 3445 nihilque
1645 3361 2030 3446 praevalens
2076 3362 2231 3426 urbe
2277 3360 2634 3445 egreditur,
2696 3368 2761 3427 et
2802 3360 2870 3425 in
2916 3359 3223 3443 Frygiam
3270 3356 3661 3423 Salutariam
3708 3363 3812 3442 ty-

547 3463 888 3528 rannizans
935 3465 1252 3530 extinctus
1299 3472 1417 3547 est,
1470 3465 1780 3548 multique
1827 3466 2027 3549 partis
2058 3465 2493 3549 Procopianae
2540 3465 2715 3530 caesi
2758 3472 2950 3546 atque
2996 3462 3359 3548 proscripti.
3439 3463 3681 3527 Valens
3727 3462 3810 3527 ab

546 3565 837 3630 Eudoxio
870 3566 1281 3631 Atrianorum
1319 3568 1617 3651 episcopo
1663 3586 1897 3633 suasus
1942 3575 2008 3633 et
2048 3568 2413 3652 baptizatus
2460 3575 2682 3633 contra
2726 3567 3110 3632 orthodoxos
3155 3566 3428 3631 infestus
3459 3566 3755 3648 insurgit.
3791 3564 3811 3650 ΙΙ
3848 3594 3908 3635 29

251 3671 523 3765 {1522ss
552 3668 927 3734 Gratianum
971 3669 1174 3734 filium
1220 3691 1406 3735 suum
1453 3671 1943 3737 Valentinianus
1988 3671 2325 3736 Ambianis
2371 3672 2820 3756 imperatorem
2871 3670 3234 3748 constituit,
3288 3670 3312 3754 ΙΙ
3353 3689 3545 3752 quem
3591 3669 3815 3734 habuit
3852 3680 3977 3742 309

250 3792 385 3833 mer.
416 3793 521 3835 mss
550 3771 632 3837 de
679 3772 921 3837 Severa
964 3772 1177 3857 priore
1222 3773 1440 3857 iugale
1474 3775 1498 3859 ΙΙ
1545 3781 1611 3839 et
1654 3781 1873 3839 contra
1919 3773 2209 3840 Saxones
2254 3774 2849 3857 Burgutionesque‚
2908 3774 3017 3857 qui
3063 3774 3211 3858 plus
3256 3791 3443 3837 Lxxx
3488 3771 3668 3836 milia
3709 3792 3816 3836 ar-

248 3895 382 3938 mar.
415 3896 512 3938 τινι
547 3881 858 3940 matorum
917 3875 1195 3960 primum
1241 3877 1402 3941 Reni
1447 3878 1515 3942 in
1560 3878 1757 3943 limbo
1803 3884 2014 3943 castra
2060 3884 2439 3960 metassent,
2509 3878 2709 3943 movit
2754 3877 3145 3962 procinctum
3168 3928 3182 3957 ,
3236 3875 3262 3960 ΙΙ
3308 3876 3425 3942 sed
3469 3875 3813 3962 apoplexia

547 3978 756 4043 subito
801 3984 865 4043 et
911 3979 1248 4075 sanguinis
1294 3980 1627 4065 eruptione
1643 3982 1687 4063 2)
1744 3981 2110 4065 Bregitione
2156 3980 2501 4047 defunctus
2545 3987 2666 4047 est.

717 4239 835 4286 HP
866 4239 904 4285 V
928 4240 985 4287 L.
1028 4267 1095 4275 —-
1134 4240 1265 4290 Mur.
1302 4256 1354 4302 p.
1388 4241 1516 4290 236⁶
1552 4259 1600 4290 v.
1631 4241 1695 4290 32
1736 4243 1906 4290 movit.

720 4359 742 4408 1
784 4357 926 4426 ante]
966 4362 1294 4424 Hieronymus
1329 4363 1391 4424 L,
1431 4367 1570 4410 actae
1606 4362 1754 4410 HPV
2027 4362 2254 4421 ingentia
2288 4362 2401 4410 libri
2678 4362 2708 4411 2
2747 4359 3091 4429 dioclitianus]
3126 4362 3237 4423 ΗΡ,
3278 4363 3613 4412 diocletianus
3661 4363 3745 4412 VL

545 4447 732 4494 hiatum
765 4460 868 4495 non
893 4447 1120 4496 indicant
1145 4446 1340 4497 HP1V:
1379 4449 1461 4497 hic
1496 4449 1655 4496 multa
1691 4449 1940 4497 transilita
1976 4454 2098 4496 sunt
2130 4462 2302 4509 maryo
2328 4446 2419 4510 1³²3
2461 4449 2553 4497 hoc
2589 4450 2642 4496 in
2678 4450 2782 4498 loco
2820 4451 3036 4498 multum
3076 4450 3219 4497 deest
3251 4463 3425 4509 maryo
3450 4449 3527 4498 L.-
3565 4448 3812 4499 Constan-

544 4535 646 4580 tius
681 4533 1026 4595 Mopsucrenis
1058 4536 1194 4581 inter
1233 4535 1457 4583 Ciliciam
1496 4534 1955 4599 Cappadociamque
1991 4536 2202 4583 moritur
2237 4548 2366 4584 anno
2403 4537 2583 4584 aetatis
2622 4549 2723 4583 κω
2760 4536 3093 4598 Hieronymus
3130 4536 3298 4594 23⁷7,·
3347 4539 3401 4584 in
3451 4538 3633 4584 itinere
3681 4538 3815 4584 inter

545 4619 772 4668 Ciliciam
810 4619 1270 4683 Cappadociamque
1306 4620 1579 4670 defunctus
1615 4628 1696 4670 est
1737 4621 1945 4670 Orosius
1984 4623 2033 4682 7,
2075 4623 2140 4669 29
2351 4621 2381 4671 6
2419 4623 2757 4671 christinitate
2793 4624 2846 4669 H
3052 4623 3080 4671 7
3120 4623 3368 4671 culturam
3406 4623 3451 4671 L
3657 4623 3813 4671 sacri-

546 4706 751 4754 fandum
789 4706 844 4752 H
1073 4706 1102 4754 8
1139 4707 1308 4769 pathin
1344 4707 1455 4770 ΗΡ,
1498 4709 1699 4769 psythis
1735 4708 1777 4756 V
2005 4708 2035 4756 9
2074 4709 2161 4756 ubi
2197 4722 2274 4769 pr.
2318 4711 2372 4756 in
2407 4710 2561 4757 litura
2608 4710 2650 4756 V
2888 4708 2950 4758 10
2987 4723 3088 4758 non
3124 4723 3219 4758 om.
3249 4708 3322 4758 L‘⁸
3529 4707 3813 4776 deditione]

545 4791 702 4851 HPV,
743 4792 1051 4841 deditionem
1089 4793 1133 4840 L
1388 4808 1486 4855 que
1522 4808 1618 4844 om.
1662 4794 1706 4842 L
1991 4793 2052 4843 12
2090 4795 2210 4843 solis
2246 4808 2343 4844 om.
2383 4794 2427 4841 L
2711 4795 2774 4845 13
2812 4797 3014 4844 anesius
3050 4796 3149 4843 ΗΡ
3399 4802 3637 4844 enat-atur
3672 4797 3816 4843 HPV

551 4879 608 4927 15
648 4880 910 4927 trecesimo
945 4875 1118 4945 tertio]
1154 4881 1301 4927 xxxii
1337 4880 1670 4943 Hieronymus
1878 4881 2099 4929 exercito
2135 4880 2234 4927 ΗΡ
2438 4877 2775 4947 primicerius]
2815 4882 2877 4942 L,
2917 4883 3245 4945 prymicerius
3282 4881 3333 4943 V,
3374 4885 3693 4945 primicyrius
3717 4882 3817 4930 ΗΡ

547 4964 607 5013 17
647 4961 899 5030 uitzibim]
935 4964 1048 5025 HV,
1091 4966 1307 5014 nitzibin
1348 4967 1434 5014 PL
1681 4965 1741 5016 18
1779 4963 2113 5033 contradedit]
2150 4968 2299 5015 libri.-
2335 4967 2541 5016 tradidit
2578 4968 2908 5030 Hieronymus
3155 4968 3216 5017 19
3252 4965 3612 5035 dadasthanae]
3650 4969 3807 5029 HPV,

542 5051 841 5099 dadastanae
880 5051 921 5098 L
1131 5048 1334 5118 xxxm]
1370 5055 1439 5100 sie
1476 5054 1613 5102 Hier.
1663 5053 1848 5114 (Petav.
1890 5059 1936 5101 et
1976 5053 2176 5115 Middl.)
2216 5063 2330 5102 cum
2369 5054 2607 5113 Eutropio
2647 5056 2730 5117 10,
2776 5056 2857 5114 18,
2899 5055 3090 5103 xxxiiii
3125 5055 3415 5117 Hieronymi
3451 5056 3564 5104 libri
3594 5057 3812 5118 plerique

543 5136 608 5185 20
644 5134 771 5203 1111]
808 5138 921 5185 xiiii
960 5139 1290 5200 Hieronymus
1536 5139 1595 5188 21
1640 5141 1845 5202 utrique
1881 5140 1926 5187 L
2169 5140 2508 5188 ualennianus
2545 5140 2590 5187 P
2848 5139 2912 5189 22
2950 5144 3013 5191 fr.
3056 5155 3208 5189 suum
3245 5140 3288 5187 L
3532 5144 3730 5202 egreius
3768 5144 3811 5191 L

544 5222 607 5271 23
645 5224 899 5272 aureliano
935 5223 979 5271 L
1232 5222 1464 5291 nimiam]
1504 5227 1657 5274 miam
1695 5226 1768 5274 1³⁰
2048 5225 2113 5274 24
2150 5222 2427 5291 esperium]
2467 5225 2628 5285 HPV,
2670 5228 2911 5289 isperium
2955 5227 2997 5274 L
3274 5227 3339 5277 25
3375 5229 3661 5277 brittaniam
3700 5230 3812 5278 libri

544 5309 606 5358 27
646 5310 845 5368 frigiam
894 5310 976 5358 VL
1183 5309 1249 5359 29
1287 5313 1562 5360 arrinorum
1602 5314 1653 5359 H
1863 5312 2187 5361 orthodochos
2224 5311 2284 5371 L,
2324 5312 2556 5359 orthoxos
2604 5312 2644 5357 V
2850 5313 2914 5362 30
2953 5316 3218 5363 ambianus
3256 5315 3301 5362 L
3510 5315 3568 5364 31
3612 5311 3810 5381 seuera]

544 5409 688 5443 serua
727 5397 839 5443 libri
1065 5395 1512 5465 burgutionesque]
1550 5399 1712 5460 HPV,
1754 5400 2232 5461 burgundionesque
2271 5400 2312 5446 L
2346 5413 2461 5446 cum
2497 5400 2796 5462 Hieronymo
3022 5399 3088 5448 32
3126 5403 3282 5462 primo
3328 5403 3368 5449 V
3590 5401 3655 5450 33
3693 5416 3812 5450 san-

544 5484 656 5541 guis
697 5484 739 5530 L
948 5485 1232 5544 Brigetione
1268 5488 1538 5546 requiritur

3346 5629 3525 5635 ῌ--ῐῐ
3590 5630 3799 5637 --—-.

719 5708 763 5768 1)
808 5708 1197 5757 Valentinianus
1234 5711 1471 5758 tribunus
1509 5712 1840 5759 scutariorum
1883 5749 1893 5758 .
1929 5750 1940 5759 .
1976 5748 1987 5758 .
2029 5712 2161 5771 apud
2199 5712 2430 5758 Nicaeam
2468 5712 2729 5771 Augustus
2766 5713 3051 5773 appellatus
3088 5713 3431 5773 Hieronymus.

717 5794 765 5856 2)
809 5795 976 5843 subita
1014 5797 1220 5858 sanguis
1255 5798 1536 5858 eruptione,
1578 5797 1711 5860 quod
1749 5797 1938 5846 Graece
1974 5797 2242 5860 apoplexis
2280 5803 2481 5845 vocatur
2517 5797 2862 5859 Hieronymus.
