4882 6775
1072 468 1157 529 26
2522 465 2885 522 IORDANIS

1073 652 1296 720 Livius
1337 654 1406 720 in
1449 654 1958 722 diversissimam
2002 661 2273 741 partem,
2331 654 2402 721 id
2446 660 2547 721 881
2590 654 2659 720 18
2702 654 2880 739 ipsas
2923 655 3246 721 nascentis
3291 655 3521 721 Italiae
3565 654 3786 719 fauces
3829 653 4019 737 signa
4062 671 4330 718 conver-

910 760 1033 820 204
1071 762 1259 822 18181.
1350 764 1549 841 18818,
1599 758 1669 824 id
1714 766 1814 825 est
1857 758 2032 825 omni
2076 779 2204 842 qua
2246 758 2628 841 longissima
2670 765 2771 824 est
2812 758 3004 824 Italia
3048 758 3185 824 solo
3228 758 3644 823 interiacente
3687 776 3814 838 quo
3859 754 4147 836 consilio,
4199 774 4331 836 qua
4356 765 4589 820 noma.
4623 768 4665 812 ⁶·
4690 768 4737 808 ⁵2

1074 858 1402 926 celeritate
1461 862 1757 928 consules
1815 868 2027 927 castra
2087 862 2566 927 coniuncxerint
2619 861 3147 946 inopinatumque
3206 861 3452 927 11881881
3499 858 3769 925 88818118
3814 858 4021 942 signis
4066 876 4337 942 oppres-

1075 962 1277 1028 serint
1329 983 1539 1045 neque
1596 963 1669 1029 id
1725 964 1863 1030 fieri
1906 964 2187 1029 Annibal
2245 965 2554 1045 senserit,
2621 962 2889 1030 difficile
2949 964 3124 1030 dictu
3182 970 3304 1029 est.
3396 969 3568 1029 certe
3611 962 3894 1027 Annibal
3949 981 4022 1026 re
4082 959 4339 1043 cognita
4364 982 4403 1013 ο·
4432 976 4487 1016 53

1014 1085 1040 1125 s
1078 1084 1221 1130 cum
1266 1065 1618 1150 proiectum
1662 1066 1880 1133 fratris
1925 1072 2118 1152 caput
2161 1067 2250 1132 ad
2294 1086 2415 1132 sua
2458 1074 2672 1133 castra
2727 1066 3032 1149 vidisset,
3103 1070 3419 1150 ‘agnosco
3435 1068 3473 1148 ',
3522 1064 3747 1149 inquid
3764 1114 3780 1145 ,
3856 1063 4335 1130 ‘infelicitatem

1081 1167 1583 1252 ‘Chartaginis’.
1680 1171 1843 1235 11888
1898 1169 2023 1235 fuit
2078 1170 2258 1235 illius
2315 1170 2439 1235 viri
2483 1190 2612 1235 non
2657 1170 2796 1235 sine
2839 1170 3185 1254 praesagio
3229 1169 3508 1252 quodam
3553 1168 3671 1233 fati
3716 1166 4085 1233 inminentis
4128 1166 4337 1250 prima

912 1276 1036 1336 205
1075 1270 1414 1337 confessio.
1508 1271 1638 1338 iam
1698 1279 1939 1339 certum
2000 1279 2140 1339 erat
2183 1273 2569 1339 Annibalem
2627 1274 2822 1339 etiam
2865 1274 3072 1358 ipsius
3116 1272 3517 1338 confessione
3562 1290 3751 1356 posse
3796 1270 3988 1336 vinci.
4083 1269 4202 1334 sed
4246 1275 4338 1334 tot
4363 1292 4403 1322 ο.
4432 1282 4483 1322 54

1073 1393 1282 1439 1811118
1347 1394 1795 1460 prosperarum
1861 1375 2100 1441 fiducia
2164 1377 2397 1460 plenus
2464 1377 2739 1461 populus
2795 1378 3120 1442 Romanus
3186 1376 3407 1459 magni
3468 1374 3851 1440 aestimabat
3910 1372 4334 1457 asperrimum

1073 1474 1320 1541 hostem
1376 1477 1446 1542 in
1503 1498 1625 1549 sua
1680 1478 1901 1544 Africa
1962 1478 2317 1545 debellare.
2410 1478 2576 1544 duce
2633 1478 2832 1560 igitur
2891 1478 3187 1563 Scipione
3246 1479 3314 1543 in
3368 1478 3579 1562 ipsam
3629 1476 3916 1541 Africam
3973 1481 4110 1541 tota
4165 1475 4334 1540 mole
4362 1498 4402 1528 c·
4431 1490 4484 1529 55

976 1600 1035 1641 111
1074 1598 1421 1644 conversus
1465 1580 1705 1647 imitari
1749 1582 1963 1666 coepit
2004 1582 2393 1647 Annibalem
2440 1588 2507 1647 et
2549 1581 2780 1648 Italiae
2827 1601 2984 1647 suae
3030 1581 3250 1647 clades
3294 1582 3362 1646 in
3405 1579 3690 1645 Africam
3734 1578 4087 1643 vindicare.
4169 1595 4334 1660 quas
4359 1601 4399 1631 e·
4429 1591 4482 1631 ⁵6

1071 1680 1186 1747 ille
1207 1733 1222 1764 ‚
1285 1682 1382 1747 dii
1439 1683 1624 1748 bonii
1706 1683 2138 1750 Hasdrubalis
2199 1685 2423 1769 cupias
2483 1684 2681 1750 fudit!
2767 1703 2926 1768 quos
2985 1684 3308 1769 Syphacis
3353 1682 3679 1749 Numidici
3736 1681 3910 1764 regis
3970 1680 4321 1764 equitatus!

1074 1805 1240 1868 quae
1296 1792 1662 1869 quantaque
1723 1787 2055 1871 utriusque
2115 1788 2345 1853 classis
2405 1793 2618 1853 castra
2675 1787 2924 1853 facibus
2980 1787 3201 1852 inlatis
3260 1807 3391 1852 una
3445 1792 3630 1851 nocte
3686 1784 3960 1850 delevit!
4054 1783 4333 1867 denique

910 1893 1036 1954 206
1070 1886 1201 1951 iam
1245 1908 1373 1953 non
1418 1910 1459 1953 a
1502 1889 1690 1955 tertio
1735 1889 1972 1975 lapide,
2026 1890 2142 1956 sed
2185 1891 2365 1975 ipsas
2395 1890 2810 1973 chartaginis
2854 1897 3070 1974 portas
3114 1890 3446 1955 obsidione
3491 1888 3846 1973 quatiebat.
3939 1887 4034 1951 sic
4062 1886 4323 1969 factum,
4357 1912 4397 1940 e·
4426 1901 4477 1940 ⁵⁷

1073 1997 1144 2056 ut
1200 1990 1529 2057 herentem
1588 1999 1782 2075 atque
1838 1994 2248 2059 incubantem
2308 1993 2539 2059 Italiae
2594 2000 3000 2075 extorqueret
3056 1993 3463 2058 Annibalem.
3568 2011 3696 2056 non
3768 1989 3894 2055 fuit
3950 1989 4154 2056 maior
4210 1989 4329 2054 sub
4356 2014 4397 2043 c·
4427 2006 4480 2045 ⁵8

979 2110 1037 2150 ¹⁵
1075 2090 1345 2176 imperio
1389 2095 1676 2160 Romano
1720 2095 1862 2160 dies
1905 2117 2096 2179 quam
2140 2097 2288 2179 ille,
2356 2117 2501 2161 cum
2560 2096 2688 2161 duo
2749 2096 3030 2161 omnium
3090 2103 3156 2161 et
3209 2102 3359 2160 ante
3413 2102 3478 2160 et
3521 2101 3749 2178 postea
3791 2092 4024 2157 ducum
4069 2092 4329 2156 maximi

1074 2194 1308 2277 duces,
1373 2197 1488 2263 ille
1549 2197 1813 2279 Italiae,
1878 2199 1986 2264 hic
2029 2200 2312 2283 Spaniae
2357 2199 2561 2265 victor
2602 2198 2855 2264 collatis
2901 2199 3257 2265 comminus
3303 2197 3508 2281 signis
3552 2197 3846 2262 direxere
3890 2194 4118 2260 aciem.
4214 2194 4330 2260 sed

1073 2304 1138 2363 et
1178 2298 1568 2383 colloquium
1613 2300 1739 2366 fuit
1780 2301 1946 2366 18181
1988 2301 2164 2386 ipsos
2210 2302 2291 2368 de
2338 2302 2592 2385 legibus
2636 2302 2841 2386 pacis.
2937 2307 3251 2367 steterunt
3301 2300 3412 2366 diu
3457 2307 3682 2364 mutua
3724 2297 4170 2363 ammiratione
4213 2297 4331 2362 de-

909 2401 1032 2462 207
1071 2400 1220 2465 fixi:
1286 2402 1398 2467 1181
1454 2423 1607 2469 vero
1664 2404 1747 2468 de
1805 2423 1967 2487 pace
2024 2425 2151 2470 non
2211 2404 2542 2485 convenit,
2611 2405 2801 2487 signa
2851 2405 3167 2470 cecinere.
3262 2409 3512 2468 constat
3555 2401 3883 2483 utriusque
3929 2400 4328 2466 confessione
4356 2425 4396 2454 c·
4427 2415 4582 2456 58110

1071 2524 1192 2569 888
1233 2505 1467 2570 18811118
1510 2506 1743 2577 instrui
1786 2507 1990 2572 aciem
2035 2526 2156 2571 nec
2198 2507 2410 2571 acrius
2454 2507 2743 2591 potuisse
2789 2507 3084 2591 pugnari.
3179 2506 3299 2571 1188
3344 2505 3556 2590 Scipio
3601 2504 3683 2569 de
3712 2503 4075 2585 Annibalis,
4124 2503 4331 2568 Anni—

973 2622 1034 2664 20
1072 2607 1182 2672 bal
1240 2606 1322 2673 de
1382 2608 1699 2693 Scipionis
1758 2609 2041 2675 exercitu
2101 2609 2658 2693 praedicaverunt.
2756 2609 2869 2675 sed
2936 2616 3170 2675 tamen‘
3211 2608 3494 2673 Annibal
3550 2606 3748 2671 cessit
3804 2606 4329 2690 praemiumquae
4356 2632 4397 2660 c·
4427 2622 4475 2661 6·

1071 2708 1375 2775 victoriae
1418 2710 1643 2779 Africa
1688 2711 1830 2776 fuit.
1925 2718 1992 2777 et
2033 2719 2291 2777 secutus
2335 2712 2620 2777 Africam
2665 2712 2880 2778 statim
2924 2719 3236 2777 terrarum
3288 2711 3484 2777 orbis.
3940 2698 3955 2705 ‘⁵

909 2812 1033 2874 208
1242 2813 1395 2877 Post
1436 2813 1722 2879 Africam
1780 2814 1912 2878 iam
1967 2814 2136 2880 vinci
2193 2815 2514 2881 neminem
2561 2815 2824 2900 puduit,
2891 2815 3013 2881 sed
3054 2834 3261 2897 aequo
3305 2814 3443 2879 iure
3488 2812 3724 2893 ubique
3769 2810 4102 2876 subactae.
4138 2811 4329 2896 111111-
4355 2826 4397 2873 ².
4427 2828 4468 2873 ⁷.
4504 2827 4543 2867 1.
4574 2830 4605 2868 11

1071 2933 1244 2978 81818
1303 2914 1503 2997 igitur
1563 2916 1803 2981 Levino
1862 2918 2127 2983 consule
2194 2919 2470 3002 populus
2530 2920 2856 2983 Romanus
2918 2918 3165 2983 Ionium
3230 2937 3408 2982 mare
3474 2914 3805 2998 ingressus
3863 2921 3998 2981 tota
4055 2914 4328 2981 Greciae

1070 3016 1257 3081 litora
1311 3018 1491 3083 velut
1547 3018 1970 3103 triumphanti
2029 3020 2237 3085 classe
2296 3020 2688 3105 peragravit.
2780 3020 2990 3104 spolia
3042 3020 3281 3103 quippe
3340 3017 3602 3083 Siciliae
3662 3016 4005 3082 Sardiniae
4063 3016 4326 3083 Africae
4351 3043 4392 3073 ο·
4422 3034 4445 3073 ⁷

970 3136 1031 3179 25
1069 3119 1436 3203 preferebat
1480 3128 1545 3187 et
1587 3122 1994 3187 manifestam
2041 3123 2373 3188 victoriam
2395 3176 2409 3205 ‚
2462 3144 2653 3207 quam
2698 3129 2851 3188 nata
2893 3123 2961 3188 in
3005 3122 3324 3207 praetoria
3369 3120 3567 3205 puppi
3614 3120 3832 3183 laurus
3877 3120 4322 3204 pollicebatur.

1070 3221 1300 3287 aderat
1357 3231 1585 3307 sponte
1638 3224 1705 3289 in
1760 3225 2073 3290 auxilium
2117 3227 2374 3291 Attalus
2417 3246 2531 3291 rex
2577 3227 3114 3309 Pergamenorum
3137 3275 3151 3299 ‚
3220 3223 3489 3289 aderant
3533 3229 3598 3287 et
3641 3221 3830 3286 Rodii
3872 3222 4168 3288 nauticus
4213 3242 4328 3306 po—
4354 3249 4394 3279 e·
4424 3240 4450 3278 8

908 3326 1034 3386 209
1070 3325 1284 3409 pulus,
1336 3326 1570 3409 quibus
1615 3347 1657 3392 a
1700 3328 1891 3408 mari,
1945 3330 2168 3395 consul
2215 3349 2256 3394 a
2298 3329 2485 3395 terris
2530 3329 2743 3395 omnia
2788 3328 2969 3412 equis
3013 3327 3295 3411 virisque
3340 3325 3695 3409 quatiebat.
3788 3324 3889 3391 bis
3933 3324 4174 3408 victus,
4227 3325 4326 3391 818
4354 3352 4394 3381 c·
4424 3342 4450 3381 ⁹

1071 3427 1330 3510 fugatus
1375 3449 1489 3494 rex
1535 3431 1954 3496 Macedonum
1976 3483 1991 3513 ,
2057 3432 2160 3497 1118
2206 3438 2436 3498 exutus
2485 3432 2750 3514 castris,
2815 3452 2959 3496 cum
3006 3437 3223 3496 tamen
3267 3429 3429 3494 nihil
3473 3429 3821 3494 terribilius
3866 3428 4327 3494 Macedonibus

1072 3529 1196 3595 fuit
1236 3530 1380 3613 ipso
1426 3533 1764 3597 vulnerum
1810 3540 2098 3618 aspectu,
2148 3555 2315 3617 quae
2360 3554 2488 3599 888
2533 3534 2799 3618 spiculis
2843 3553 2962 3598 nec
3008 3533 3265 3616 sagittis
3311 3552 3430 3598 nec
3474 3532 3607 3596 ullo
3654 3531 3930 3596 Greculo
3976 3531 4167 3612 ferro,
4212 3531 4327 3597 sed

971 3653 1032 3693 ³0
1071 3632 1441 3715 ingentibus
1486 3634 1636 3718 pilis
1682 3656 1803 3702 nec
1848 3637 2201 3702 minoribus
2245 3637 2480 3702 adacta
2523 3636 2761 3720 gladiis
2806 3637 2976 3701 ultra
3020 3642 3286 3700 mortem
3319 3636 3645 3719 patebant.
3721 3634 3891 3699 enim
3922 3653 4075 3698 vero
4104 3635 4326 3699 Flam·
4350 3660 4391 3690 c·
4427 3651 4476 3690 ¹0

1072 3734 1270 3800 minio
1316 3734 1479 3801 duce
1524 3735 1800 3821 populus
1845 3740 2169 3804 Romanus
2213 3739 2421 3804 invios
2467 3746 2662 3805 antea
2705 3738 3038 3804 Chaonum
3092 3744 3340 3802 montes
3385 3737 3709 3821 Saumque
3753 3757 4007 3801 amnem
4053 3757 4170 3821 per
4212 3738 4327 3802 ab-

1071 3845 1261 3922 rupta
1317 3838 1661 3908 vadentem
1720 3847 1786 3906 et
1843 3841 1930 3906 ad
1987 3843 2134 3926 ipsa
2192 3842 2609 3907 Macedoniae
2667 3841 2951 3906 claustra
3007 3840 3390 3924 penetravit.
3501 3840 3799 3905 introisse
3858 3839 4124 3904 victoria
4180 3840 4320 3904 fuit.
4350 3865 4391 3896 e·
4426 3857 4470 3896 ιι

1071 3960 1220 4005 nam
1286 3947 1514 4024 postea
1578 3963 1925 4025 numquam
1984 3963 2185 4009 ausus
2243 3944 2552 4027 congredi
2608 3965 2723 4010 rex
2781 3943 2867 4008 ad
2923 3944 3237 4024 tumulos,
3304 3961 3463 4026 quos
3522 3942 4011 4026 cynocephalos
4069 3948 4319 4025 vocant,

977 4063 1033 4102 ³⁴
1077 4062 1202 4106 uno
1245 4062 1325 4107 ac
1367 4063 1447 4108 88
1494 4044 1613 4110 1188
1657 4046 1916 4129 quidem
1960 4046 2130 4112 iusto
2176 4047 2418 4130 proelio
2463 4047 2872 4130 oppremitur.

912 4148 1037 4210 210
1245 4146 1322 4210 In
1367 4147 1678 4212 Numidia
1721 4154 1872 4214 tunc
1915 4148 2106 4214 amici
2149 4149 2370 4232 populi
2416 4149 2688 4214 Romani
2732 4149 3110 4231 regnabant.
3186 4148 3305 4214 sed
3346 4146 3662 4230 Iugurtha
3705 4152 3925 4211 contra
3969 4165 4040 4212 se
4081 4146 4322 4211 bellum
4351 4162 4458 4206 Bur.
4493 4164 4519 4205 1

1071 4248 1270 4314 movit
1312 4250 1740 4315 Romanorum
1798 4258 2056 4335 propter
2114 4270 2333 4316 necem
2381 4251 2729 4316 Aterbalae
2790 4259 2855 4316 et
2880 4313 2890 4324 ,
2912 4252 3261 4335 Empsalae
3306 4250 3633 4333 Mecipsae
3692 4248 3929 4315 liberos
3987 4269 4323 4334 expugna-

1071 4356 1263 4432 taque
1311 4358 1411 4417 est
1454 4352 1728 4436 primum
1769 4374 1814 4417 a
1856 4353 2116 4419 Metello
2162 4355 2445 4431 consule,
2500 4354 2733 4420 dehinc
2776 4375 2817 4418 a
2861 4355 3064 4419 Mario
3111 4354 3371 4419 domita.
3445 4352 3912 4418 Mauretaniam
3957 4372 4110 4418 vero
4155 4353 4324 4418 Buc-

909 4457 1028 4517 211
1074 4453 1192 4518 8118
1236 4473 1350 4519 181
1394 4454 1713 4519 1118881111.
1808 4455 1926 4521 8811
1970 4476 2114 4522 cum
2159 4457 2471 4521 subiectio
2517 4456 2796 4521 omnium
2842 4457 3208 4521 Maurorum
3266 4456 3439 4521 facta
3496 4461 3627 4536 est,
3693 4455 3889 4520 Iubas
3912 4475 4054 4520 -rex
4074 4507 4089 4537 ,
4156 4474 4322 4537 quae

1073 4576 1331 4639 pugnae
1388 4555 1620 4622 fuisset
1675 4558 1926 4624 occasio
1948 4610 1963 4641 ‚
2029 4579 2177 4624 11181
2235 4566 2605 4643 superatum
2652 4577 2721 4622 se
2768 4558 3002 4641 sensit,
3067 4578 3314 4623 veneno
3359 4559 3594 4623 hausto
3640 4556 3879 4623 defecit
3902 4557 3937 4640 ¹)
3989 4556 4321 4639 omnisque

1244 4757 1367 4804 ΗΡ
1397 4757 1450 4806 V.
1490 4783 1563 4793 —
1600 4756 1736 4808 Mur.
1772 4773 1825 4818 p.
1858 4745 1984 4807 232⁶
2017 4774 2065 4808 υ.
2103 4758 2161 4808 15
2201 4760 2427 4821 imperio,

1250 4876 1269 4925 1
1312 4877 1635 4926 diuereimam
1661 4878 1718 4924 H
1849 4873 2126 4944 1188888118]
2155 4880 2350 4939 Florus,
2389 4883 2654 4928 nascentes
2679 4878 2792 4926 libri
2998 4877 3030 4927 4
3068 4878 3258 4925 dictum
3283 4875 3420 4940 ΡΠ),
3463 4877 3627 4925 dictus
3649 4876 3707 4924 Η
3909 4877 3938 4925 8
3976 4890 4202 4926 romanos
4225 4875 4325 4924 ΗΡ

1078 4959 1138 5010 10
1174 4963 1310 5024 cepit
1345 4961 1443 5010 ΗΡ
1652 4961 1713 5010 14
1750 4964 2094 5012 inhaerentem
2134 4965 2313 5012 Floma
2544 4963 2605 5012 16
2641 4963 2784 5011 ducis
2824 4962 2870 5009 P
3071 4963 3296 5023 diregere
3338 4962 3379 5008 P
3583 4961 3645 5011 22
3684 4963 3773 5011 sed
3808 4977 3856 5010 a.
3894 4964 3928 5011 i.
3969 4977 4023 5010 11.
4067 4958 4321 5028 subactae]

1070 5048 1242 5095 8181181
1279 5049 1498 5096 Africam
1535 5054 1736 5097 88811188
1772 5055 1894 5098 aunt
1929 5055 2105 5109 gentes
2131 5050 2307 5098 Florm
2516 5049 2581 5098 23
2619 5050 2781 5108 grecia
2807 5048 2863 5097 H
3064 5047 3131 5097 24
3170 5048 3621 5110 uelutriumphanti
3648 5047 3746 5094 ΗΡ
3930 5048 4159 5097 8811111188
4182 5046 4326 5095 HPV

1072 5131 1137 5181 25
1173 5147 1323 5195 quam
1348 5149 1445 5183 om.
1474 5135 1649 5182 Florus
1858 5134 1924 5184 26
1961 5131 2111 5202 rodii]
2135 5134 2284 5183 HPV
2488 5134 2547 5183 31
2590 5136 2807 5197 populus
2836 5135 3087 5183 Romanus
3109 5148 3205 5183 om.
3230 5135 3407 5181 Florus
3592 5135 3854 5194 abruptam
3877 5133 3988 5194 ΗΡ,
4031 5134 4257 5181 8811118111
4288 5133 4325 5180 V

1071 5217 1134 5266 32
1172 5215 1483 5284 penetrauit]
1517 5222 1896 5281 penetrauimus
1929 5220 2111 5268 Florus
2317 5221 2559 5269 uictoriae
2592 5221 2634 5267 V
2838 5217 2903 5268 34
2939 5235 3003 5268 ne
3039 5216 3153 5287 hoe]
3186 5220 3239 5279 V,
3281 5233 3345 5268 ne
3380 5233 3435 5266 oc
3463 5218 3520 5281 P,
3564 5233 3655 5267 neo
3679 5219 3732 5265 Η
3935 5222 4158 5281 proemio
4182 5218 4326 5266 HPV

1071 5303 1136 5352 36
1173 5305 1417 5353 aterbalae
1448 5306 1542 5365 (-le
1567 5305 1623 5366 P)
1655 5311 1707 5353 et
1730 5307 1979 5367 empsalae
2006 5302 2280 5372 mecipsae]
2313 5306 2425 5364 ΗΡ,
2468 5306 2717 5354 8181881118
2752 5312 2804 5353 81
2840 5307 3115 5368 empaalem
3149 5306 3271 5353 haec
3306 5307 3418 5366 ipae
3464 5305 3531 5353 V:
3568 5307 3631 5353 ob
3666 5310 3866 5354 8888188
3901 5305 4236 5353 Adherbalem
4272 5309 4323 5352 et

1069 5390 1410 5451 Hiempsalem
1436 5391 1563 5439 filios
1589 5391 1828 5453 Micipsae
1853 5393 1984 5452 regia
2009 5392 2181 5452 Rufua
2386 5390 2449 5439 37
2488 5392 2687 5439 matello
2711 5391 2856 5440 HPV
3032 5392 3220 5441 buccho
3244 5388 3359 5457 rex]
3383 5393 3573 5452 8811ροί,
3602 5391 3859 5439 8118888118
3883 5390 4056 5439 HPV:
4085 5407 4114 5438 a
4137 5391 4323 5440 Boccho

1070 5475 1270 5534 Rutu.-
1295 5478 1521 5524 811111ὶί181·
1542 5479 1734 5536 scripsit
1758 5477 2092 5527 Ariobietonis
2115 5492 2158 5527 c.
2187 5479 2301 5537 179,
2331 5476 2582 5526 Gentione
2604 5491 2646 5525 8.
2673 5479 2772 5525 216
2982 5477 3048 5527 38
3084 5473 3193 5543 8811]
3219 5478 3314 5525 8118
3337 5477 3390 5523 Η
3593 5472 3744 5542 quae]
3767 5475 3952 5537 13¹PV,
3980 5478 4072 5538 qui
4096 5478 4153 5524 H
4158 5474 4181 5512 2
4202 5481 4324 5526 reete

1244 5665 1292 5727 1)
1331 5665 1416 5715 8811
1453 5667 1659 5713 81188818
1693 5667 1829 5714 omni
1864 5666 2038 5715 Africa
2072 5666 2266 5714 Mauros
2301 5667 2426 5714 Iuba
2460 5680 2551 5714 rex
2588 5668 2808 5725 tenebat,
2848 5668 2939 5728 qui
2974 5667 3029 5714 in
3065 5680 3213 5716 881188
3246 5665 3371 5716 belli
3406 5666 3576 5714 civilia
3610 5666 3671 5713 ab
3708 5666 3940 5727 Augusto
3966 5665 4176 5715 Caesare
4211 5666 4319 5714 vic-

1069 5757 1151 5799 tus
1189 5758 1393 5799 mortem
1430 5752 1532 5801 sibi
1568 5754 1771 5813 propria
1807 5754 2064 5802 voluntate
2106 5753 2347 5802 conscivit
2383 5751 2572 5810 Rufus.
