4882 6775
1844 490 2302 547 PROOEMIVM.
3591 494 3702 559 LV

452 716 880 801 fragmentum
923 716 1244 801 passionis
1276 715 1342 781 S.
1380 715 1686 798 Quintini,
1741 714 2055 783 Bernardi
2099 715 2331 782 librum
2371 714 2454 782 de
2485 714 2962 800 dispensatione
3008 722 3073 782 et
3114 725 3474 803 praecepte,
3525 718 3703 785 Ano-

452 837 631 922 nymi
674 837 1000 904 homiliam
1045 837 1127 904 de
1171 837 1499 922 paschate,
1554 837 1621 903 S.
1660 836 1973 903 Bernardi
2016 835 2344 903 homiliam
2389 834 2472 902 de
2516 835 2997 903 annuntiatione
3043 836 3385 919 dominica,
3423 838 3700 924 priorem

457 964 704 1042 partem
749 959 1180 1025 Romanorum
1211 957 1506 1024 Iordanis
1562 959 1728 1041 (ante
1773 958 2109 1043 prologum
2153 954 2534 1041 principium
2580 956 2791 1042 operis
2835 977 2875 1022 a
2919 957 3114 1024 verbo
3159 978 3222 1043 p.
3262 961 3323 1042 3,
3368 963 3396 1022 1
3449 963 3706 1023 Romani

454 1088 519 1140 ut
564 1081 652 1141 ait
695 1097 898 1162 usque
943 1077 1028 1144 ad
1070 1100 1132 1144 v,
1175 1083 1250 1143 13
1297 1080 1600 1142 hominum
1647 1089 1881 1142 natura
1925 1077 2181 1162 legitur,
2232 1096 2346 1142 suo
2391 1081 2607 1142 tamen
2653 1077 2793 1142 loco
2830 1076 3058 1143 iterum
3089 1077 3500 1164 descriptum)
3541 1078 3702 1144 defi-

454 1196 725 1266 cientem
762 1198 830 1263 in
874 1198 1086 1266 medio
1130 1196 1286 1265 folio
1330 1198 1397 1264 in
1441 1197 1658 1265 verbis
1702 1219 1765 1284 p.
1821 1202 1923 1280 30,
1978 1200 2016 1263 8
2062 1218 2242 1263 arma
2284 1199 2590 1262 viderunt.
2670 1197 2994 1281 specimen
3037 1198 3209 1281 quod
3252 1197 3447 1266 habui
3491 1198 3704 1266 docuit

454 1318 687 1384 librum
731 1318 1021 1385 inutilem
1067 1338 1231 1386 esse.

623 1457 1183 1523 anononnnsm
1241 1476 1307 1521 n.
1358 1460 1477 1520 451
1551 1455 1725 1539 (olim
1781 1455 1931 1521 hist.
1997 1454 2162 1541 prof.
2228 1475 2292 1519 n.
2358 1456 2506 1537 600)
2570 1455 2834 1521 membr.
2899 1474 3071 1522 saec.
3135 1456 3264 1521 XII
3336 1457 3700 1539 (Endlicher

452 1597 517 1641 n.
568 1579 712 1654 406)
766 1575 1046 1644 continet
1089 1576 1359 1643 annales
1404 1575 1764 1642 Fuldenses
1812 1576 2109 1659 (Monum.
2160 1575 2276 1641 SS.
2333 1580 2390 1653 1,
2432 1578 2606 1658 341),
2658 1575 2953 1642 Iordanis
2982 1577 3409 1643 Romanorum
3452 1564 3698 1662 parte'm

451 1696 761 1781 priorem,
815 1718 979 1782 quae
1024 1696 1237 1764 deficit
1277 1696 1346 1762 in
1390 1695 1607 1762 media
1650 1695 1892 1781 pagina
1935 1715 2010 1762 eo
2053 1696 2194 1779 ipso
2239 1696 2409 1777 loco,
2476 1715 2600 1778 quo
2647 1694 2884 1761 desinit
2925 1696 3254 1762 Parisinus
3299 1701 3490 1779 2467,
3556 1698 3699 1764 Rufi

452 1817 838 1885 breviarium
893 1820 976 1903 (V.
1025 1818 1229 1904 praef.
1280 1816 1603 1884 Foersteri
1647 1838 1711 1902 p.
1765 1820 1854 1901 7).
1948 1816 2266 1901 gemellus
2312 1814 2754 1900 praecedentis
2800 1823 2899 1883 est
2940 1836 3059 1883 nec
3102 1818 3311 1901 magis
3357 1818 3555 1884 utilis.

629 1955 995 2023 PAR1smvs
1039 1956 1181 2022 Lat.
1219 1977 1284 2021 n.
1323 1958 1489 2020 5766
1520 1954 1785 2020 membr.
1838 1972 2007 2021 saec.
2046 1953 2195 2036 XII,
2249 1960 2444 2019 antea
2472 1952 2750 2035 Thuani,
2803 1952 3036 2020 deinde
3067 1954 3368 2037 Colberti,
3423 1957 3703 2022 continet

457 2075 758 2141 Caesaris
815 2075 1304 2142 commentarios
1360 2077 1438 2159 (v.
1490 2073 1865 2159 Nipperdey
1922 2074 2125 2160 praef.
2178 2096 2242 2159 p.
2296 2075 2397 2158 42)
2454 2079 2520 2139 et
2561 2073 2854 2139 Iordanis
2913 2074 3160 2141 Getica.
3254 2076 3423 2142 hunc
3468 2077 3697 2144 librum

475 2195 617 2277 (sibi
660 2199 731 2282 B)
787 2196 1051 2263 Vossius
1110 2194 1376 2262 contulit
1418 2215 1560 2260 cum
1607 2194 1885 2261 editione
1931 2194 2258 2276 Vulcanii,
2313 2214 2481 2278 quae
2544 2193 2799 2260 collatio
2857 2193 3236 2261 adservatur
3278 2196 3579 2281 Lugduni
3633 2198 3699 2263 in

408 2372 413 2375 .
454 2315 843 2383 bibliotheca
886 2316 1145 2402 publica
1187 2315 1642 2401 impressorum
1689 2315 1871 2381 XIII.
1926 2314 2002 2381 O.
2056 2318 2202 2380 673.
2299 2335 2378 2391 ex
2424 2314 2806 2399 specimine,
2875 2315 3048 2399 quod
3105 2316 3336 2399 habui,
3404 2316 3698 2385 intellexi

452 2436 640 2523 primi
685 2437 925 2505 ordinis
970 2437 1228 2521 quidem
1274 2455 1439 2518 esse,
1493 2435 1611 2502 sed
1655 2456 1737 2502 ex
1780 2435 2061 2521 pessimo
2104 2454 2339 2520 genere
2383 2435 2907 2533 interpolatorum
2926 2437 3030 2519 92’).

631 2576 985 2641 CAESENAS
1015 2576 1590 2640 MALATEs'rrAst
1636 2573 1799 2658 plut.
1843 2577 1920 2637 12
1968 2572 2105 2639 cod.
2146 2578 2182 2637 5
2236 2572 2545 2659 ‘scriptus
2588 2593 2705 2658 per
2747 2593 2850 2638 me
2887 2573 3021 2639 Ioh.
3061 2573 3540 2659 Pergulitanum
3586 2598 3702 2662 pro

462 2697 477 2728 ‘
499 2695 838 2780 magnifico
897 2703 964 2763 et
1019 2694 1262 2781 potenti
1321 2693 1575 2760 domino
1633 2692 1888 2760 domino
1943 2693 2286 2759 Malatesta
2337 2693 2616 2760 Novella
2670 2692 2751 2760 de
2809 2693 3166 2761 Malatestis
3226 2703 3291 2761 et
3347 2698 3702 2782 completus

463 2812 601 2882 ‘die
645 2816 743 2881 III
785 2815 1070 2883 Ianuarii
1098 2814 1623 2897 MCCCCLIHI',
1676 2813 1904 2881 Getica
1947 2815 2086 2881 sola
2129 2813 2429 2880 continet.
2541 2813 2807 2880 contulit
2863 2834 3007 2881 eum
3056 2815 3438 2883 Bethmann.
3516 2819 3703 2903 primi

453 2936 697 3003 ordinis
742 2944 862 3021 est,
914 2936 1032 3003 sed
1075 2956 1156 3003 ex
1200 2935 1341 3003 eius
1383 2934 1642 3021 generis
1688 2934 2068 3001 deterrimis.

635 3074 1111 3139 EKKEHARDVS
1132 3072 1556 3158 Vraugiensis
1582 3074 1642 3158 (†
1671 3079 1816 3158 post
1845 3095 1907 3139 a.
1943 3076 2125 3157 1125)
2156 3071 2320 3139 utin
2346 3070 2661 3138 chronicis
2693 3072 2880 3155 Mon.
2912 3070 3130 3139 Germ.
3155 3074 3271 3139 SS.
3300 3075 3389 3140 VI
3420 3097 3484 3160 p.
3520 3080 3548 3139 1
3572 3079 3695 3161 sq.)

454 3194 913 3261 concinnandis
944 3194 1237 3261 Iordanis
1281 3195 1572 3261 libellum
1616 3200 1953 3277 utrumque
1991 3194 2233 3279 passim
2264 3176 2576 3275 adhibuit,
2628 3192 2720 3257 ita
2750 3192 3045 3259 continuo
3075 3193 3297 3260 ordine
3326 3194 3407 3261 iis
3438 3196 3706 3263 inseruit

455 3337 540 3382 ex
564 3315 834 3382 Iordane
859 3315 994 3382 fere
1025 3316 1160 3382 solo
1182 3316 1528 3400 compilata
1558 3315 1772 3401 capita
1800 3313 2111 3399 inscripta
2143 3315 2426 3377 ‘histo-ria
2453 3313 2801 3377 Gothorum'
2837 3313 3025 3393 (Mon.
3063 3313 3281 3380 Germ.
3312 3314 3356 3379 l.
3388 3335 3444 3381 c.
3481 3337 3547 3401 p.
3583 3322 3702 3382 119

455 3438 581 3503 inc.
623 3440 917 3502 Claudius
952 3439 1319 3502 Ptholomeus
1350 3438 1513 3501 orbis
1545 3447 1749 3501 terrae
1793 3438 2146 3519 descriptor,
2199 3433 2338 3499 finit
2379 3436 2731 3498 huiusmodi
2765 3435 2962 3517 fuisse
3007 3438 3275 3520 ἱερέων),
3329 3439 3401 3501 de
3437 3439 3703 3502 Amazo-

456 3560 639 3622 nibus
682 3559 747 3642 (l.
785 3577 841 3624 c.
892 3580 959 3643 p.
1001 3562 1141 3639 121,
1195 3558 1321 3624 ine.
1358 3561 1552 3624 Medio
1590 3567 1850 3641 tempore
1893 3556 2304 3638 habitationis,
2355 3553 2497 3620 finit
2540 3558 2817 3620 eoetitisse
2860 3559 3309 3640 comperimus),
3362 3560 3435 3621 de
3479 3564 3711 3645 orae'yine

459 3683 783 3743 Hunorum
824 3679 886 3762 (l.
911 3698 965 3745 c.
1016 3699 1081 3764 p.
1112 3681 1258 3761 223,
1296 3677 1422 3744 inc.
1461 3682 1709 3743 Filimer
1738 3698 1862 3741 rem
1895 3678 2219 3740 Gothorum
2246 3713 2322 3725 —
2350 3677 2723 3759 redeamus),
2761 3674 2843 3741 de
2873 3674 3250 3760 wisigothis
3288 3679 3353 3761 (l.
3392 3699 3447 3744 c.
3486 3701 3550 3765 p.
3586 3685 3707 3745 124

472 3801 836 3884 Wisiyothae
882 3803 1082 3883 itaque
1123 3838 1211 3847 —
1254 3820 1318 3884 p.
1362 3804 1483 3864 130
1523 3802 1825 3882 pristinae
1871 3799 2140 3861 libertati
2179 3798 2486 3878 restituit).
2563 3816 2643 3863 ea
2687 3797 2902 3881 capita
2948 3817 3090 3863 cum
3133 3817 3329 3884 saepe
3372 3799 3711 3867 invenian-

460 3929 567 3986 tur
596 3939 881 3986 seorsum
913 3919 1238 4004 descripta
1268 3941 1398 3987 una
1428 3939 1572 3986 cum
1618 3918 1933 3985 similibus
1978 3917 2060 3984 de
2090 3916 2360 3984 historia
2396 3918 2806 3998 Francorum,
2859 3918 3452 4004 Langobardorum,
3505 3921 3711 3987 Saxo-

460 4062 615 4107 num
656 4043 737 4126 (v.
776 4042 960 4106 Pertz
990 4040 1217 4104 Archiv
1246 4041 1373 4107 vol.
1413 4045 1448 4105 7
1498 4061 1563 4126 p.
1602 4042 1728 4105 486
1761 4041 1914 4124 sq),
1964 4059 2090 4104 non
2120 4058 2261 4105 raro
2303 4037 2371 4103 in
2410 4037 2723 4122 catalogis
2769 4045 2835 4105 et
2878 4039 3035 4105 alibi
3082 4040 3202 4105 sub
3245 4039 3386 4125 ipso
3416 4041 3710 4108 Iordanis

462 4161 719 4229 nomine
763 4167 1197 4228 recensentur.
1266 4161 1360 4227 ita
1401 4160 1736 4227 Palatinus
1778 4158 2004 4226 tertius
2050 4157 2305 4225 Gruteri
2349 4158 2553 4226 codex
2599 4167 2699 4227 est
2741 4159 3142 4227 Ekkehardi.
3205 4160 3443 4246 pendet
3488 4163 3711 4230 Ekke-

461 4281 704 4349 hardus
750 4302 831 4349 ex
876 4282 1036 4349 libro
1081 4282 1296 4365 aliquo
1340 4301 1467 4348 non
1509 4281 1678 4348 bono
1725 4280 1966 4348 ordinis
2010 4279 2218 4367 primi.

637 4422 1003 4486 Excnmvm
1047 4420 1493 4486 VERONENsm
1535 4419 1826 4486 Iordanis
1885 4419 2126 4486 codicis
2181 4419 2472 4485 Vaticani
2518 4418 2796 4485 Palatini
2855 4440 2918 4484 n.
2972 4422 3092 4483 927
3156 4418 3378 4503 scripti
3420 4420 3710 4488 Veronae

461 4564 524 4608 a.
583 4546 740 4607 1181
802 4541 1045 4607 inserta
1088 4548 1239 4606 sunt
1295 4539 1708 4607 collectaneis
1764 4540 1954 4607 hodie
2012 4539 2179 4605 notis
2238 4540 2359 4606 sub
2418 4540 2673 4606 nomine
2729 4539 3048 4626 Anonymi
3108 4539 3472 4624 Valesiani,
3539 4561 3712 4607 com-

461 4663 659 4748 plexa
715 4661 888 4728 locos
947 4659 1317 4746 desumptos
1377 4681 1459 4727 ex
1519 4661 1761 4726 Geticis
1818 4660 1968 4725 hos:
2037 4681 2092 4726 c.
2144 4664 2262 4744 55,
2315 4663 2433 4725 281
2511 4663 2735 4744 [ἱρέων]
2799 4683 2921 4724 reoe
2987 4662 3332 4724 Theodemir
3375 4698 3462 4708 —
3504 4662 3539 4746 ς
3587 4666 3710 4727 282

463 4786 776 4868 repedavit
830 4781 1327 4867 (praescribiturz
1396 4785 1533 4845 item
1582 4782 1760 4864 suere
1817 4792 1870 4846 et
1927 4784 2041 4845 alii
2089 4783 2294 4863 Gothi,
2362 4803 2448 4844 eae
2492 4803 2748 4866 quorum
2787 4785 3075 4865 proyenie
3127 4783 3519 4848 Theodericus
3559 4807 3712 4867 pro—

466 4907 661 4988 cessit)
717 4910 782 4969 et
824 4923 878 4968 c.
932 4907 1035 4987 56,
1087 4904 1212 4968 288
1270 4923 1378 4966 nec
1420 4905 1527 4965 diu
1575 4911 1712 4985 post
1753 4903 1858 4966 hec
1900 4940 1988 4949 —
2031 4907 2134 4984 57,
2189 4905 2312 4966 293
2357 4904 2622 4964 audacia
2671 4906 2862 4965 intrat
2913 4907 2978 4968 et
3021 4922 3075 4968 c.
3129 4906 3233 4985 57,
3287 4905 3412 4967 293
3459 4908 3713 4990 indeque

464 5027 811 5108 subreptive
852 5062 940 5071 —
983 5025 1018 5109 ς
1051 5027 1173 5087 295
1224 5033 1509 5106 reynator
1552 5025 1838 5087 adsumit.
1933 5022 2178 5088 variam
2222 5022 2558 5087 lectionem
2607 5029 2670 5086 et
2713 5021 2887 5086 misit
2930 5021 3087 5087 mihi
3147 5030 3212 5088 et
3259 5024 3401 5108 ipse
3461 5047 3711 5111 quoque

466 5146 669 5212 edidit
721 5146 989 5212 Carolus
1035 5143 1520 5227 Zangemeister
1573 5142 1640 5207 in
1686 5142 1891 5209 musei
1938 5141 2230 5209 Rhenani
2283 5143 2409 5207 vol.
2464 5147 2544 5206 30
2603 5145 2809 5226 (1875)
2866 5164 2929 5227 p.
2991 5147 3137 5208 309.
3246 5165 3367 5230 ego
3422 5157 3712 5232 praeter-

468 5267 615 5332 misi
687 5274 904 5352 utpote
970 5265 1308 5350 desumpta
1363 5283 1444 5329 ex
1503 5263 1665 5329 libro
1739 5263 1981 5329 ordinis
2026 5263 2214 5348 primi
2258 5284 2484 5349 parum
2544 5263 2738 5345 bono,
2804 5264 2913 5346 qui
2973 5265 3338 5332 conveniret
3393 5267 3710 5334 interdum

642 5636 723 5702 99)
763 5642 1025 5704 Specimen
1070 5648 1177 5689 esto
1222 5642 1461 5702 praefatio
1509 5655 1557 5702 p.
1610 5639 1702 5696 53,
1754 5639 1784 5686 :3
1838 5639 2069 5687 subueetu
2110 5640 2305 5698 nauiyae'i
2358 5665 2425 5674 -
2479 5639 2510 5687 4
2564 5641 2752 5687 castule
2805 5640 2974 5686 lazare
3024 5667 3092 5674 —-
3147 5639 3176 5686 5
3225 5640 3593 5689 adbrmtiatione
3644 5670 3713 5678 —

473 5725 498 5774 ’ἶ
538 5730 817 5791 (retibusque
852 5734 1097 5789 patarum
1132 5755 1197 5762 —
1235 5723 1305 5792 et]
1340 5727 1407 5773 ad
1440 5753 1509 5761 —-
1545 5741 1771 5788 reyesque
1807 5721 2197 5789 descendentem]
2232 5730 2278 5772 et
2302 5740 2435 5785 reyes
2460 5726 2798 5774 descendentia
2835 5751 2900 5760 —
2939 5729 2969 5773 ὅ
3007 5725 3199 5773 duratis
3232 5754 3300 5760 —
3337 5743 3386 5789 p.
3419 5727 3500 5786 54,
3532 5730 3559 5777 4
3599 5736 3713 5778 unte

474 5813 557 5861 hoe
591 5842 661 5851 -
695 5821 868 5863 auctas
901 5841 967 5850 —
1006 5815 1035 5862 5
1072 5829 1129 5862 ex
1165 5829 1259 5862 om.
1301 5840 1370 5848 —
1405 5809 1486 5877 ae]
1520 5818 1566 5860 et
1601 5840 1669 5847 —
1706 5815 1735 5860 8
1772 5825 2154 5859 commemorans
2198 5837 2252 5846 —-
2293 5809 2465 5877 omns]
2501 5828 2591 5860 om
2626 5839 2692 5846 —
2727 5811 2835 5860 Ιειῖιῖ
2870 5811 3044 5871 frater.
