4882 6775
438 1638 496 1678 io

440 2154 499 2193 15

436 2664 496 2707 20

2012 499 2313 557 GETICA.
3714 505 3794 567 85

537 632 681 775 nos]
714 690 961 773 experti
1021 710 1274 771 sumus,
1343 689 1573 755 faciem
1633 689 1829 755 totius
1889 690 2061 755 orbis
2121 689 2436 770 foedavit,
2508 708 2707 773 supra
2763 688 3020 754 modum
3067 697 3285 755 tamen
3328 691 3792 758 Alexandriam
3838 692 3999 756 XIX
4115 649 4193 735 lo
4243 652 4420 739 5424'3
4462 638 4481 757 τ)
4507 658 4585 767 fl*
4626 630 4717 774 '‘J?

538 794 856 876 totiusque
902 794 1182 879 Aegypti
1238 794 1384 859 loca
1442 792 1820 873 devastans,
1889 793 2201 878 Dionysio
2263 786 2746 979 εῐοῑὶοοιζξιῳθι·
2802 792 2969 858 hanc
3023 793 3273 857 cladem
3318 793 3799 860 lacrimaviliter
3911 797 3943 841 ³³
3986 800 4031 899 (ἦ
4051 847 4058 858 .
4357 754 4363 783 ι

538 904 915 980 exponente,
969 896 1139 980 quod
1185 903 1249 962 et
1291 904 1509 962 noster
1554 896 1892 962 conscribit
1933 896 2323 962 venerabilis
2367 917 2474 960 ma
2584 916 2614 959 r
2657 895 2894 961 Christi
2939 903 3004 960 et
3047 896 3388 980 episcopus
3435 897 3797 982 Cyprianus

535 1000 600 1064 in
646 1000 827 1081 libro,
884 1000 1066 1067 cuius
1110 999 1336 1065 titulus
1381 1007 1481 1065 est
1535 1000 1648 1065 ‘de
1694 1000 2109 1065 mortalitate'
2135 1001 2206 1081 ¹).
2299 1007 2453 1065 tunc
2497 1005 2562 1064 et
2604 998 2966 1064 Emilianus
3011 998 3272 1079 quidam
3319 998 3548 1065 Gothis
3596 1021 3792 1086 saepe
3844 1005 3962 1065 105

472 1124 497 1162 r,
535 1104 616 1168 ob
659 1101 1022 1187 principum
1065 1103 1544 1186 neglegentiam
1588 1102 1866 1185 Mysiam
1913 1103 2426 1182 devastantibus,
2489 1109 2559 1167 ut
2603 1101 2764 1167 vidit
2806 1101 3002 1167 licere
3046 1121 3165 1166 nec
3209 1122 3250 1167 a
3294 1122 3612 1185 quoquam
3661 1105 3799 1170 sine

536 1223 771 1287 magno
816 1205 908 1269 rei
953 1206 1253 1289 publicae
1298 1204 1639 1289 dispendio
1683 1205 2016 1285 removeri,
2073 1204 2369 1270 similiter
2414 1224 2571 1270 suae
2617 1203 2911 1270 fortunae
2948 1204 3296 1269 arbitratus
3327 1224 3519 1289 posse
3552 1207 3787 1288 venire,

535 1306 942 1390 tyrannidem
1000 1307 1069 1372 in
1112 1308 1360 1373 Moesia
1419 1307 1690 1392 arripuit
1748 1327 2061 1391 omneque
2122 1328 2316 1372 manu
2362 1307 2631 1373 militari
2676 1306 2883 1371 ascita
2927 1308 3136 1393 coepit
3178 1308 3372 1373 urbes
3418 1316 3483 1375 et
3525 1311 3797 1394 populos

537 1410 901 1475 devastare.
996 1418 1217 1476 contra
1263 1430 1452 1492 quem
1504 1410 1675 1475 intra
1729 1430 1968 1496 paucos
2025 1429 2281 1477 menses
2344 1410 2498 1475 dum
2556 1409 2898 1475 multitudo
2958 1419 3309 1495 apparatus
3364 1411 3786 1495 adcresceret,

534 1534 661 1578 non
705 1513 1040 1578 minimum
1081 1514 1488 1579 incomodum
1535 1513 1627 1578 rei
1671 1514 1971 1599 publicae
2016 1513 2388 1598 parturivit3
2459 1513 2569 1597 qui
2629 1520 2848 1578 tamen
2889 1513 2959 1579 in
3001 1515 3143 1599 ipso
3188 1535 3353 1598 pene
3397 1515 3643 1581 nefario
3688 1536 3797 1582 co-

534 1624 723 1681 natus
771 1615 873 1680 sui
915 1615 1096 1681 initio
1142 1616 1459 1681 extinctus
1506 1623 1570 1681 et
1612 1616 1809 1682 vitam
1857 1624 1922 1682 et
1952 1616 2308 1701 imperium,
2364 1616 2536 1700 quod
2565 1615 2873 1697 inhiabat,
2929 1616 3172 1681 amisit:
3231 1636 3427 1701 supra
3458 1618 3609 1683 dicti
3642 1639 3792 1685 vero
3846 1622 3964 1683 106

538 1718 766 1783 Gallus
827 1726 892 1784 et
932 1719 1324 1784 Volusianus
1381 1718 1831 1803 imperatores,
1903 1719 2196 1802 quamvis
2255 1720 2364 1784 vix
2423 1719 2684 1784 biennio
2739 1718 2807 1783 in
2862 1718 3132 1803 imperio
3177 1729 3666 1804 perseverantes
3710 1725 3793 1789 ab

536 1821 655 1887 hac
717 1822 862 1886 luce
922 1822 1306 1905 migrarunt,
1372 1828 1588 1887 tamen
1644 1821 1837 1906 ipsud
1892 1822 2255 1903 biennium,
2324 1822 2498 1906 quod
2541 1823 2894 1902 affuerunt,
2962 1822 3198 1906 ubique
3244 1823 3488 1908 pacati,
3557 1825 3793 1907 ubique

536 1931 967 2007 regnaverunt
1010 1924 1310 2006 gratiosi,
1376 1931 1631 2009 praeter
1675 1926 1846 2008 quod
1891 1945 2086 1990 unum
2133 1945 2352 1990 eorum
2397 1924 2694 1991 fortunae
2738 1932 3100 2009 reputatum
3147 1933 3278 2008 est,
3337 1927 3408 1991 id
3453 1935 3552 1994 cst
3595 1949 3797 2012 gene-

535 2028 689 2092 ralis
736 2028 1014 2109 morbus,
1069 2027 1186 2092 sed
1229 2027 1351 2093 hoc
1394 2028 1477 2092 ab
1521 2028 1836 2112 imperitis
1882 2035 1947 2093 et
1991 2027 2583 2109 calumniatoribus,
2636 2028 2747 2111 qui
2791 2028 2990 2094 vitam
3037 2029 3244 2094 solent
3287 2030 3556 2095 aliorum
3604 2032 3794 2097 dente

537 2129 855 2195 maledico
899 2131 1185 2195 lacerare
1203 2132 1277 2213 2).
1373 2129 1442 2195 hi
1488 2151 1640 2214 ergo
1686 2151 1835 2196 mox
1878 2131 2146 2216 imperio
2191 2131 2415 2216 adepti
2462 2138 2641 2212 sunt,
2710 2130 2939 2196 foedus
2985 2152 3127 2197 cum
3174 2139 3367 2215 gente
3410 2135 3797 2219 pepigerunt

536 2233 906 2298 Gothorum.
1006 2240 1072 2299 et
1127 2253 1247 2298 nec
1304 2235 1495 2317 longo
1539 2233 1884 2299 intervallo
1932 2234 2214 2318 utrisque
2260 2234 2527 2317 regibus
2573 2234 3098 2299 occumbentibus
3145 2234 3485 2301 Gallienus
3529 2238 3797 2322 arripuit

534 2335 979 2420 principatum.

707 2438 893 2516 Quod
950 2439 1017 2504 in
1077 2438 1249 2504 omni
1305 2438 1577 2503 lascivia
1634 2440 1915 2505 resoluto
1974 2441 2192 2524 Respa
2250 2447 2314 2505 et
2357 2439 2621 2504 Veduco
2665 2439 3125 2521 Tharuaroque
3191 2439 3388 2506 duces
3434 2441 3785 2508 Gothorum
3832 2444 3959 2509 XX
4012 2447 4130 2507 107

536 2542 804 2626 sumptis
847 2541 1123 2607 navibus
1167 2541 1390 2606 Asiam
1433 2541 1857 2622 transierunt,
1910 2542 2143 2608 fretum
2186 2542 2721 2626 Ellispontiacum
2766 2543 3146 2623 transvecti,
3215 2543 3325 2608 ubi
3370 2546 3606 2611 multas
3653 2546 3794 2611 eius

537 2644 904 2728 provinciae
966 2644 1259 2709 civitates
1323 2644 1663 2728 populatas
1722 2644 2231 2729 opinatissimum
2288 2643 2457 2709 illud
2518 2644 2842 2728 Ephesiae
2901 2645 3154 2710 Dianae
3212 2648 3556 2730 templum,
3623 2649 3793 2732 quod

537 2745 778 2811 dudum
848 2746 1219 2812 dixeramus
1239 2748 1283 2828 ³)
1357 2748 1720 2812 Amazonas
1788 2747 2193 2829 condidisse,
2266 2746 2420 2829 igne
2488 2746 2902 2813 succendunt.
2997 2749 3413 2833 partibusque
3472 2751 3793 2817 Bithiniae

535 2850 732 2914 delati
779 2850 1256 2915 Chalcedonam
1304 2851 1784 2932 subverterunt,
1850 2870 2042 2933 quam
2102 2857 2251 2934 post
2295 2850 2630 2915 Cornelius
2675 2850 2908 2915 Abitus
2954 2851 3174 2933 aliqua
3217 2858 3398 2936 parte
3445 2854 3785 2937 reparavit,

705 3144 1442 3207 HPVLAOBXUVZJ.

706 3298 728 3347 1
773 3301 970 3348 sedauit
1010 3298 1052 3347 O
1263 3295 1455 3366 tamen]
1493 3311 1691 3362 quoque
1732 3298 1821 3347 OB
2029 3297 2352 3346 alexandriae
2391 3298 2530 3345 XYZ
2739 3296 2769 3345 2
2807 3298 3100 3347 deuastatus
3142 3300 3184 3347 O
3393 3306 3512 3349 stor.
3556 3299 3688 3359 (hist.
3726 3301 3785 3363 O,

530 3384 774 3444 hystorico
798 3385 961 3448 BXY)
994 3400 1148 3447 super
1170 3386 1223 3434 h.
1253 3387 1315 3435 cl.
1349 3401 1447 3435 om.
1472 3386 1518 3433 A
1726 3383 1756 3434 3
1794 3380 1951 3452 quod]
1988 3382 2163 3447 qu(a)e
2192 3383 2301 3444 OB,
2331 3398 2482 3445 quam
2511 3384 2560 3432 X
2567 3384 2603 3431 Y
2809 3385 3107 3447 conscripsit
3135 3384 3223 3433 OB
3431 3391 3483 3434 et
3506 3400 3602 3435 om.
3633 3386 3721 3434 OB

528 3473 785 3520 cibi-ianus
828 3473 885 3533 O,
929 3485 1023 3521 om.
1056 3473 1102 3519 A
1344 3472 1377 3520 4
1413 3472 1697 3520 emelianus
1739 3471 1834 3519 ΟΧ
2074 3471 2104 3520 5
2143 3471 2421 3531 neglegiam
2460 3469 2528 3518 A²
2755 3467 2988 3538 mysiam]
3027 3472 3259 3519 moesiam
3296 3471 3405 3533 AX,
3449 3474 3687 3521 maesiam
3733 3474 3784 3535 Y,

527 3572 623 3608 om.
668 3559 757 3606 OB
965 3573 994 3606 a
1029 3572 1125 3606 om.
1164 3558 1256 3606 OB
1465 3558 1496 3607 6
1533 3558 1836 3628 reiplupiice
1871 3557 2129 3619 dispencio
2171 3556 2214 3605 O
2424 3558 2692 3626 arbitratur
2732 3556 2775 3605 O
2868 3597 2871 3600 Α
2983 3571 3129 3618 posse
3164 3553 3366 3623 uenire]
3400 3571 3546 3620 posse
3583 3559 3792 3607 euenire

527 3644 616 3692 LB
860 3643 886 3689 7
927 3644 1177 3692 tirandem
1218 3644 1259 3692 L
1502 3645 1664 3702 mysia
1700 3644 1757 3704 Z,
1803 3644 2013 3691 mesiam
2054 3643 2113 3705 O,
2155 3643 2394 3690 moesiam
2432 3642 2545 3714 LB-
2749 3640 3021 3708 omneque]
3058 3642 3264 3703 HPVL,
3306 3645 3543 3705 omnique
3580 3644 3786 3704 ABXY,

528 3732 793 3793 omniaque
836 3731 878 3778 O
1122 3728 1152 3778 8
1187 3732 1322 3779 intra
1357 3743 1455 3778 om.
1500 3730 1591 3779 OB
1833 3730 2026 3778 mensel
2068 3730 2110 3776 O
2353 3730 2475 3777 dum
2514 3742 2610 3777 om.
2656 3729 2744 3777 OB
2986 3729 3283 3778 adcrescerit
3323 3730 3382 3792 Ο,
3424 3743 3709 3779 accrescens
3747 3730 3792 3777 B

528 3815 560 3865 9
595 3817 849 3880 republice
891 3816 949 3879 O,
991 3831 1069 3865 res
1104 3817 1303 3879 publica
1339 3817 1433 3864 ΧΥ
1637 3818 1696 3864 iu
1731 3813 1864 3883 ipso]
1899 3817 2008 3877 ipso
2049 3814 2107 3876 O,
2150 3817 2263 3876 ipse
2302 3814 2347 3861 B
2557 3828 2687 3877 pane
2729 3815 2772 3862 O
2981 3817 3144 3863 conati
3186 3817 3229 3864 O
3440 3815 3503 3864 10
3541 3817 3672 3877 quod
3708 3819 3792 3865 in-

525 3899 720 3970 hiabat]
759 3903 886 3964 quod
931 3903 1098 3964 (quem
1139 3903 1199 3961 O)
1237 3903 1513 3950 inuadebat
1553 3902 1641 3949 OB
1884 3914 2036 3963 supra
2072 3901 2195 3949 dicti
2233 3914 2352 3949 uero
2389 3915 2437 3961 g.
2480 3907 2532 3949 et
2566 3901 2666 3949 uol.
2708 3897 3057 3967 imperatores]
3094 3901 3368 3963 supradicti
3402 3915 3450 3961 g.
3493 3907 3545 3949 et
3578 3902 3678 3951 uol.
3723 3904 3785 3964 A,

525 4002 622 4037 om.
657 3989 700 4037 O
948 3987 1003 4035 11
1046 3990 1138 4036 uix
1176 3984 1405 4054 biennio]
1440 3989 1645 4035 biennio
1681 3989 1773 4036 uix
1812 3988 1875 4048 A,
1918 3988 2125 4035 biennio
2164 3986 2207 4033 L
2452 3988 2509 4035 in
2545 3988 2757 4048 imperio
2792 4000 2889 4035 om.
2938 3987 3028 4034 OB
3275 3986 3338 4036 12
3376 3989 3640 4048 migrarint
3674 3988 3720 4034 B

525 4076 676 4137 ipsud
708 4070 993 4140 biennium]
1029 4074 1188 4136 HVL,
1230 4076 1286 4122 in
1323 4075 1475 4136 ipsud
1510 4075 1559 4123 b.
1592 4074 1649 4135 P,
1691 4074 1748 4121 in
1784 4075 1894 4135 ipso
1928 4075 2137 4121 biennio
2164 4073 2229 4132 A,
2270 4074 2438 4135 ipsum
2475 4073 2742 4121 biennium
2770 4074 2922 4135 ΧΥΖ,
2964 4075 3067 4135 ipsi
3101 4075 3367 4122 biennium
3396 4074 3459 4134 O,
3498 4075 3610 4134 ipso
3647 4074 3791 4121 bien-

527 4163 611 4209 nio
636 4161 682 4208 B
891 4156 1044 4226 quod]
1079 4159 1284 4220 HPVY,
1328 4173 1427 4222 quo
1452 4158 1606 4220 LAX,
1647 4161 1738 4221 qui
1768 4160 1826 4221 O,
1869 4172 1969 4221 que
1997 4158 2042 4205 B
2250 4155 2463 4225 ubique]
2498 4159 2587 4207 nbi
2613 4160 2659 4206 A
2866 4161 3036 4221 pagati
3066 4160 3109 4208 O
3323 4157 3382 4207 13
3420 4156 3575 4225 quod]
3610 4173 3650 4228 q
3678 4160 3720 4207 O

526 4248 639 4297 sort.
669 4260 768 4296 eor.
801 4247 845 4294 L
1050 4251 1353 4307 reportatum
1390 4246 1481 4294 OB
1686 4244 1742 4292 id
1768 4241 1867 4309 est]
1901 4247 1948 4293 is
1973 4250 2051 4292 est
2075 4258 2191 4305 ergo
2214 4245 2259 4292 B
2473 4245 2534 4293 14
2571 4245 2792 4294 moribus
2823 4245 2866 4294 O
3074 4246 3330 4307 imperatis
3360 4245 3402 4292 Z
3616 4245 3677 4293 15
3712 4246 3787 4293 la·

526 4329 712 4399 cerare]
753 4345 996 4379 macerare
1026 4332 1069 4380 O
1276 4327 1416 4396 mox]
1452 4345 1566 4378 mox
1591 4336 1650 4379 ut
1675 4331 1817 4378 AXY
2022 4328 2264 4397 imperio]
2300 4334 2573 4394 imperium
2598 4331 2886 4378 LAOBXY
3078 4332 3246 4393 adepti
3274 4328 3417 4398 aunt]
3451 4331 3647 4392 adeptis
3677 4332 3720 4379 O

526 4419 664 4478 goth.
692 4432 808 4479 pep.
836 4418 882 4464 B
1094 4416 1154 4465 16
1191 4418 1300 4477 logo
1331 4417 1374 4464 O
1579 4418 1780 4476 regibus
1817 4430 1912 4465 om.
1945 4417 1991 4463 A
2225 4417 2288 4466 18
2326 4417 2454 4478 quod
2493 4419 2547 4464 in
2586 4417 2721 4464 omni
2764 4417 2926 4477 (omne
2953 4413 3042 4483 P)]
3079 4417 3239 4477 HPV,
3280 4431 3378 4478 quo
3411 4419 3471 4465 in
3506 4431 3549 4464 0.
3581 4417 3781 4479 LBXZ,

528 4506 617 4566 qui
651 4504 788 4552 omni
836 4503 883 4562 Y,
928 4517 1076 4565 quern
1115 4505 1168 4550 in
1204 4517 1250 4551 o.
1296 4503 1357 4564 O,
1399 4502 1531 4563 quod
1567 4503 1722 4550 nimia
1760 4503 1806 4550 A
2050 4503 2211 4550 lasum
2248 4505 2335 4551 nia
2377 4503 2435 4564 O,
2480 4502 2697 4550 lassouia
2733 4501 2780 4547 B
3008 4504 3248 4551 resolutio
3283 4503 3352 4564 Η,
3392 4505 3610 4552 resuloto
3646 4503 3719 4551 13⁶

526 4604 670 4652 respa
706 4597 760 4639 et
782 4590 974 4638 ueduco
1005 4589 1242 4649 (uaeduco
1268 4588 1326 4650 L)
1360 4589 1695 4650 thuruaroque
1728 4588 2044 4650 (turnaroque
2070 4590 2130 4650 A)
2175 4587 2431 4648 HPVLA,
2474 4602 2616 4650 respa
2654 4592 2705 4635 et
2740 4587 2935 4636 ueduco
2979 4589 3268 4650 (redueoff')
3310 4596 3603 4651 taruaroque
3630 4591 3783 4649 XYZ,

527 4676 893 4737 respatueduco
929 4676 1258 4737 tharuaroque
1288 4674 1346 4736 O,
1388 4688 1441 4723 re
1479 4676 1636 4736 spacii
1671 4675 1917 4723 eduathar
1953 4688 2197 4737 uarroque
2224 4675 2267 4721 B
2474 4674 2685 4722 ducibus
2713 4674 2850 4722 XYZ
3065 4673 3126 4723 19
3164 4671 3341 4741 asiam]
3375 4677 3430 4723 in
3468 4678 3624 4724 asiam
3650 4675 3719 4723 A¹

527 4764 864 4810 transsierunt
904 4762 947 4809 O
1177 4763 1463 4824 fretumque
1502 4762 1550 4808 X
1779 4762 2065 4823 ellispontia
2098 4762 2152 4820 V,
2192 4755 2618 4822 hellespontiacon
2661 4761 2720 4822 O,
2762 4760 3212 4822 hellespontiacum
3250 4762 3393 4809 AXY
3612 4763 3788 4810 multis

526 4862 574 4896 e.
591 4834 652 4909 'p.
692 4850 758 4909 (p.
789 4861 834 4895 e.
864 4847 923 4908 L)
954 4848 1252 4896 ciuitatibus
1277 4847 1323 4893 B
1533 4845 1600 4896 20
1635 4847 1886 4908 populatis
1914 4846 1974 4908 B,
2018 4847 2254 4908 populata
2282 4845 2339 4906 P,
2383 4846 2609 4907 populati
2647 4847 2693 4894 A
2899 4848 3319 4908 opimatissimum
3359 4847 3400 4893 B
3606 4849 3781 4909 ephesi

531 4935 592 4994 O,
633 4934 838 4996 ephoesi
866 4933 924 4991 B,
967 4934 1101 4981 asiae
1127 4935 1170 4980 A
1381 4933 1510 4994 quod
1552 4968 1563 4981 .
1597 4968 1609 4980 .
1642 4968 1654 4980 .
1696 4928 2003 4998 condidisse]
2038 4945 2163 4994 opus
2188 4946 2478 4980 amazanum
2514 4931 2613 4992 (sic)
2644 4932 2690 4978 A
2898 4931 2958 4980 21
2999 4947 3101 4994 que
3133 4946 3229 4982 om.
3261 4934 3306 4981 A
3516 4931 3787 4999 bithiniae]

525 5019 915 5080 HPVLOBXY,
958 5019 1166 5067 bitiniae
1204 5020 1250 5067 A
1506 5016 1571 5066 22
1609 5019 1750 5067 dilati
1792 5018 1835 5066 O
2077 5017 2440 5065 chadcedonam
2478 5018 2544 5079 H,
2590 5018 2960 5066 chalcerdonam
2995 5019 3049 5078 V,
3092 5019 3388 5067 chalcedona
3424 5018 3484 5080 P,
3525 5020 3787 5069 calcedona

525 5109 589 5168 A,
643 5106 954 5154 calcedonam
993 5091 1184 5166 XY⁶Z‚
1240 5104 1561 5153 calcidoniam
1600 5104 1659 5167 L,
1714 5103 2017 5151 calcidonam
2059 5104 2117 5164 Ο,
2160 5104 2489 5152 calcedoniam
2530 5103 2657 5150 BY“
2937 5106 3238 5152 subuertunt
3274 5106 3319 5153 A
3595 5103 3787 5172 abitus]

525 5192 831 5249 HPVOXY,
871 5193 1040 5240 auitus
1080 5192 1192 5253 AB,
1230 5191 1432 5239 habitus
1469 5191 1512 5238 L

1633 5345 3595 5354 ————-———————-——————,——-———-—*
3612 5349 3647 5354 ‚h
3694 5351 3773 5354 ψ,

705 5449 749 5511 1)
792 5450 1120 5513 Hieronymus
1154 5449 1319 5498 chron.
1360 5447 1427 5495 ad
1462 5465 1512 5497 a.
1556 5447 1676 5496 Abr.
1706 5449 1874 5496 2269:
1913 5449 2157 5509 pestilens
2193 5448 2391 5494 morbus
2429 5447 2613 5494 multas
2649 5449 2805 5495 totius
2841 5450 2973 5497 orbis
3009 5450 3292 5511 provincias
3327 5450 3587 5510 occupavit
3624 5452 3785 5496 maxi-

524 5549 707 5597 meque
745 5535 1100 5584 Alexandriam
1137 5541 1188 5582 et
1226 5535 1529 5595 Aegyptum,
1573 5540 1629 5581 ut
1664 5534 1839 5581 scribit
1876 5533 2152 5608 pifflsins
2187 5528 2587 5604 [Alexandrinus
2610 5535 2859 5612 episcopus
2883 5534 3018 5608 opud
3043 5534 3309 5584 Eusebium
3333 5536 3442 5583 hist.
3471 5535 3587 5582 eccl.
3620 5537 3668 5596 7,
3698 5532 3787 5599 99]
3835 5519 3856 5612 'J

524 5628 582 5669 et
619 5621 855 5682 Cypriani
892 5622 954 5669 de
990 5621 1289 5668 mortalitate
1328 5622 1475 5669 testis
1512 5629 1587 5667 est
1624 5621 1766 5668 liber.
3851 5587 3861 5626 Ἃ

702 5706 748 5764 2)
792 5706 860 5766 cf.
910 5707 1111 5755 Orosius
1148 5709 1197 5766 7,
1241 5708 1322 5767 ·21,
1368 5709 1430 5754 6.·
1470 5707 1560 5753 hac
1598 5706 1700 5752 sola
1735 5705 1958 5770 pernicie
2001 5705 2320 5765 (pestilentia)
2365 5704 2594 5764 insignes
2632 5704 2804 5752 Gallus
2841 5713 2893 5753 et
2928 5706 3253 5754 Volusianus.

705 5792 733 5841 3
794 5807 836 5842 c.
883 5796 926 5853 7,
972 5795 1057 5840 51.
