4882 6775
452 1616 513 1655 to

450 2132 510 2171 15

2030 484 2330 542 GETICA.
3721 488 3801 552 69

545 668 918 734 munimina.
993 690 1144 735 nam
1191 670 1448 736 locatim
1494 670 1759 755 recisus,
1810 694 1938 757 qua
1982 674 2273 760 disrupto
2317 676 2471 758 iugo
2515 676 2708 742 vallis
2752 676 2933 742 hiatu
2979 678 3269 762 patescit,
3322 698 3491 743 nunc
3521 678 3795 763 Caspias
3840 676 3963 739 VII

545 778 781 854 portas,
847 792 1016 837 nunc
1058 774 1413 855 Armenias,
1480 795 1652 841 nunc
1696 777 1932 843 Cilicas
1957 781 1990 821 ¹
1978 813 2024 859 j,
2089 780 2195 844 vel
2254 779 2607 844 secundum
2667 781 2874 845 locum
2936 782 3130 863 quale
3174 781 3384 861 fuerit,
3452 781 3625 863 facit,
3693 781 3801 845 vix

545 880 760 939 tamen
805 874 1093 958 plaustro
1139 877 1472 960 meabilis,
1534 878 1844 946 lateribus
1886 881 1953 946 in
1997 881 2406 947 altitudinem
2453 890 2785 966 utremque
2833 883 3144 964 desectis,
3197 885 3308 967 qui
3354 904 3468 968 pro
3512 885 3800 967 gentium

546 976 862 1043 varietate
909 978 1164 1045 diverso
1207 930 1519 1046 vocabulo
1563 992 1990 1067 nuncupatur.
2069 985 2241 1050 hunc
2285 986 2454 1051 enim
2502 987 2858 1070 Lammum,
2910 1007 3057 1052 mox
3100 988 3647 1070 Propanissimum
3694 989 3805 1051 In-

551 1079 672 1143 dus
716 1080 1041 1164 appellat;
1094 1083 1367 1157 Parthus
1412 1085 1689 1168 primum
1735 1087 2050 1168 Castram,
2104 1096 2248 1171 post
2291 1088 2577 1154 Nifatem
2625 1090 2857 1168 edicit;
2910 1091 3109 1175 Syrus
3155 1097 3221 1156 et
3262 1091 3581 1157 Armenus
3626 1093 3806 1155 Tau-

549 1197 716 1260 rum,
772 1184 1018 1266 Scytha
1063 1185 1468 1251 Cauchasum
1513 1208 1589 1253 ac
1633 1189 1891 1255 Rifeum
1910 1243 1924 1272 ,
1975 1191 2335 1272 iterumque
2378 1192 2448 1256 in
2493 1192 2620 1257 fine
2665 1194 2948 1258 Taurum
2992 1194 3435 1276 cognominat:
3503 1193 3805 1275 aliaeque

548 1284 982 1369 conplurimae
1026 1294 1254 1369 gentes
1299 1288 1449 1354 huic
1492 1290 1642 1373 ingo
1688 1291 1926 1358 dedere
1970 1295 2284 1363 vocabulo
2305 1298 2348 1378 ²)
2369 1306 2392 1358 .’
2463 1303 2529 1361 et
2572 1295 2725 1378 quia
2767 1296 2851 1361 de
2895 1297 3036 1361 eius
3080 1296 3552 1362 continuatione
3597 1316 3806 1380 pauca

547 1388 911 1469 libabimus,
964 1389 1049 1454 ad
1092 1390 1477 1473 Amazonas,
1530 1393 1702 1459 unde
1748 1394 2147 1478 divertimus,
2201 1397 2565 1463 redeamus.

718 1491 900 1569 Quae
945 1492 1219 1576 veritae,
1285 1514 1367 1559 ne
1414 1515 1630 1561 eorum
1676 1498 1874 1581 prolis
1918 1499 2286 1582 rarisceret‚
2353 1501 2582 1566 vicinis
2640 1501 2941 1585 gentibus
2999 1501 3401 1567 concubitum
3446 1502 3786 1586 petierunt,
3839 1500 3993 1564 VIII
4040 1504 4121 1563 56

556 1592 728 1659 facta
771 1594 1059 1659 nundina
1104 1598 1304 1663 semel
1350 1598 1418 1662 in
1471 1619 1671 1681 ann0,
1737 1600 1829 1665 ita
1882 1609 1954 1667 ut
2011 1601 2208 1667 futuri
2267 1605 2575 1689 temporis
2635 1603 2861 1669 eadem
2921 1603 3027 1670 die
3082 1605 3550 1670 revertentibus
3607 1605 3677 1668 in
3735 1604 3804 1669 id

546 1696 791 1780 ipsum,
858 1698 1173 1780 quidquid
1231 1708 1453 1783 partus
1510 1704 1870 1773 masculum
1932 1706 2278 1787 edidisset,
2347 1709 2514 1793 patri
2573 1708 2908 1788 redderet,
2975 1708 3288 1792 quidquid
3348 1729 3498 1774 vero
3544 1707 3807 1773 feminei

549 1818 744 1865 sexus
789 1808 1195 1884 nasceretur,
1248 1811 1453 1870 mater
1495 1804 1581 1869 ad
1626 1827 1808 1872 arma
1852 1809 2088 1874 bellica
2131 1810 2446 1876 erudiret:
2511 1812 2684 1893 sive,
2754 1819 2827 1877 ut
2869 1811 3250 1894 quibusdam
3297 1813 3545 1896 placet,
3613 1811 3805 1876 editis

549 1903 830 1968 maribus
875 1906 1200 1970 novercali
1245 1906 1391 1972 odio
1436 1908 1706 1973 infantis
1753 1910 2099 1976 miserandi
2129 1912 2281 1977 'fata
2324 1915 2709 1999 rumpebant
2726 1917 2815 1998 ³)-
2894 1914 2988 1979 ita
3016 1915 3193 1999 apud
3222 1914 3374 1979 illas
3421 1913 3804 1979 detestabile

549 2007 955 2091 puerperium
1017 2015 1188 2090 erat,
1256 2010 1427 2090 quod
1486 2013 1724 2093 ubique
1784 2021 2034 2079 constat
2092 2035 2239 2082 esse
2300 2017 2606 2082 votivum.
2700 2037 2867 2101 quae
2925 2016 3273 2082 crudelitas
3317 2017 3450 2081 illis
3494 2022 3798 2081 terrorem
3846 2020 3924 2079 57

547 2108 898 2174 maximum
945 2112 1312 2179 comulabat
1356 2114 1673 2198 opinionis
1720 2117 2046 2200 vulgatae.
2142 2140 2290 2184 nam
2335 2141 2536 2203 quae,
2605 2141 2793 2204 rogo,
2862 2139 3012 2205 spes
3056 2126 3232 2186 esset
3275 2126 3499 2205 capt0,
3552 2120 3661 2185 ubi
3703 2120 3809 2184 in-

552 2210 734 2294 dulgi
780 2212 883 2276 vel
929 2212 1060 2278 filio
1105 2214 1292 2280 nefas
1338 2217 1739 2284 habebatur?
1811 2228 2030 2286 contra
2073 2222 2226 2303 hae,
2280 2229 2350 2288 ut
2393 2222 2630 2305 fertur,
2682 2223 2997 2308 pugnavit
3038 2223 3370 2304 Herculis,
3424 2230 3490 2288 et
3530 2222 3806 2288 Melanis

550 2333 714 2397 pene
772 2314 918 2397 plus
978 2316 1127 2382 dolo
1188 2338 1378 2399 qnam
1439 2320 1673 2387 virtute
1720 2324 1995 2407 subegit.
2092 2324 2387 2391 Theseus
2443 2346 2594 2391 vero
2638 2326 3010 2411 Hippoliten
3068 2326 3137 2390 in
3189 2325 3433 2410 praeda
3476 2327 3655 2404 tulit,
3724 2325 3806 2391 de

549 2435 678 2511 qua
722 2423 788 2482 et
829 2420 1054 2501 genuit
1081 2421 1456 2505 Hypolitum
1477 2427 1551 2505 ⁴).
1633 2425 1756 2490 hae
1801 2446 2057 2508 quoque
2085 2428 2446 2493 Amazones
2491 2435 2637 2511 post
2680 2428 2843 2493 haec
2888 2428 3171 2493 habuere
3215 2429 3508 2511 reginam
3552 2429 3808 2493 nomine

722 2695 1464 2763 HPVLAOBXO'Z).

725 2815 747 2864 1
789 2813 1009 2883 locatim]
1035 2818 1249 2867 locatum
1283 2821 1337 2883 Y,
1365 2821 1607 2883 paulatim
1633 2823 1830 2871 locatim
1857 2824 1914 2885 Z,
1945 2825 2185 2886 paulatim
2211 2827 2260 2873 X
2412 2822 2540 2893 rec.]
2567 2839 2664 2875 rec.
2695 2832 2772 2875 est
2797 2827 2843 2873 A
2999 2822 3124 2892 qua]
3148 2828 3234 2888 qui
3266 2825 3309 2873 O
3467 2826 3669 2887 dirupto
3694 2827 3743 2873 X

550 2905 652 2962 pat.
683 2902 828 2950 hiatu
853 2903 899 2949 A
1096 2902 1125 2951 2
1164 2905 1353 2955 cilicias
1379 2906 1423 2954 L
1596 2910 1744 2970 quale
1768 2906 1944 2976 fuerit]
1979 2912 2145 2972 qualis
2171 2913 2207 2960 f.
2239 2912 2352 2973 AB,
2392 2914 2651 2974 aequalem
2677 2914 2723 2959 X
2734 2913 2815 2960 YZ
2989 2908 3105 2978 uix]
3141 2915 3286 2960 iuxta
3312 2912 3355 2958 A
3548 2910 3578 2960 3
3618 2909 3808 2978 tamen]

551 2993 751 3036 tantum
787 2989 925 3036 XYZ
1131 2992 1370 3052 plaustris
1409 2994 1451 3041 L
1661 2997 1899 3044 meabiles
1942 2996 2001 3058 O,
2043 2998 2316 3045 measibilis
2358 2996 2438 3043 1³⁴²
2604 3002 2609 3005 ⁴
2648 2995 2937 3064 utremque]
2976 2997 3141 3061 HPV,
3181 2999 3433 3059 utrimque
3460 2998 3569 3058 AB,
3609 3004 3809 3047 utrum-

551 3088 649 3135 que
686 3072 802 3137 LO,
840 3088 937 3123 om.
966 3076 1014 3123 Χ
1027 3076 1106 3122 ΥΖ
1312 3076 1554 3146 desectis]
1589 3082 1794 3129 directis
1831 3081 2048 3144 AO(?)B
2254 3081 2286 3130 4
2324 3089 2683 3145 nuncupantur
2719 3086 2762 3130 A
2972 3081 3234 3150 lammum]
3268 3083 3525 3145 HPVXY,
3569 3085 3806 3132 laminam

555 3159 666 3222 LO,
707 3161 948 3209 lamnium
988 3162 1046 3223 Z,
1087 3164 1328 3212 iamnium
1363 3166 1423 3228 B,
1468 3168 1688 3215 iamnum
1726 3168 1766 3213 A
2047 3165 2490 3235 propanissimum]
2529 3169 2739 3231 HPVL,
2791 3171 3142 3231 propanissum
3180 3170 3337 3231 AXY,
3377 3172 3702 3232 propanisum
3744 3172 3803 3220 Z.

551 3249 921 3308 propanismum
953 3246 1044 3294 OB
1249 3251 1390 3299 intus
1415 3250 1495 3298 1³⁸
1705 3254 1734 3301 5
1771 3256 1934 3314 prima
1960 3255 2006 3301 A
2214 3251 2444 3321 cestram]
2482 3254 2781 3317 HPVLXZ,
2824 3262 3036 3304 castrum
3081 3254 3140 3318 O,
3184 3261 3343 3303 castra
3380 3256 3525 3302 ABY
3729 3259 3810 3305 ni-

550 3335 707 3380 facem
743 3332 928 3380 LOBZ
1169 3335 1324 3385 edicis
1362 3336 1461 3400 P‘,
1505 3338 1667 3387 edicet
1709 3340 1752 3386 O
1983 3343 2235 3389 armenius
2273 3341 2414 3389 ABY
2654 3341 2686 3392 6
2724 3337 2919 3408 scytha]
2956 3341 3110 3402 HPX,
3156 3341 3317 3390 scitha
3361 3340 3462 3406 VL,
3505 3342 3657 3391 scithi
3699 3343 3803 3406 OB,

551 3420 744 3480 scythia
787 3421 871 3467 YZ
1101 3420 1422 3490 cauchasum]
1459 3425 1617 3488 HPV,
1658 3441 1923 3476 caucasum
1961 3427 2206 3488 LABXY,
2250 3441 2552 3476 caucausum
2596 3428 2639 3476 O
2864 3431 3015 3477 finem
3052 3428 3096 3476 L
3305 3430 3655 3489 cognominant
3698 3430 3801 3491 OB,

552 3512 695 3555 uocat
731 3509 777 3555 A
986 3510 1184 3571 aliaque
1222 3512 1458 3573 conplura
1499 3511 1591 3559 OB
1822 3512 1849 3560 ’ἶ
1891 3510 2153 3580 uocabulo]
2188 3512 2348 3578 HPV,
2390 3516 2631 3562 uocabula
2667 3515 2918 3578 LABXY,
2961 3515 3135 3563 cabula
3176 3514 3218 3561 O
3442 3514 3474 3564 8
3511 3513 3810 3583 libabimus]

553 3592 709 3653 HPV,
751 3594 1028 3642 liuauimus
1072 3593 1133 3655 O,
1173 3596 1443 3645 libauimus
1479 3599 1565 3646 rel.
1779 3613 2041 3648 amazones
2081 3599 2126 3645 B
2332 3599 2363 3647 9
2401 3602 2646 3649 ueritatae
2684 3602 2735 3647 H
2940 3616 3112 3649 earum
3137 3602 3181 3648 B
3388 3598 3562 3669 prolis]
3603 3602 3805 3664 HPVL,

551 3679 713 3740 proles
738 3679 978 3727 AOBXY
1182 3679 1462 3749 rarisceret]
1502 3684 1663 3746 HPV,
1704 3686 1956 3733 rariscerit
1986 3684 2043 3748 Ο,
2086 3693 2355 3735 raresceret
2379 3686 2620 3734 LABXY
2821 3683 3034 3753 uicinis]
3073 3705 3101 3735 a
3127 3690 3226 3736 uic.
3259 3688 3351 3734 AB
3563 3686 3624 3737 10
3662 3689 3810 3737 factis

554 3764 799 3814 nundinis
827 3766 1012 3814 AXYZ
1220 3770 1406 3817 futuris
1432 3772 1669 3831 temporis
1700 3769 1759 3830 O,
1800 3772 1988 3819 futuris
2013 3774 2322 3834 temporibus
2348 3773 2394 3819 B
2604 3773 2775 3822 eodem
2800 3773 2883 3821 die
2908 3775 2956 3822 Χ
2968 3774 3065 3836 ΥΖ,
3107 3774 3280 3822 eadem
3317 3773 3380 3822 de
3411 3773 3471 3835 O,
3512 3776 3589 3823 eis
3625 3775 3809 3823 deinde

551 3851 597 3897 Β
804 3855 1087 3901 reuertibus
1131 3853 1192 3916 O,
1233 3857 1550 3903 uertentibus
1588 3855 1666 3903 P‘
1878 3856 1935 3905 11
1978 3854 2255 3924 quidquid]
2291 3858 2456 3920 ΠΡΟ,
2506 3859 2743 3921 quicquid
2790 3859 2984 3922 VLAB‚
3026 3864 3271 3922 quotqu'ot
3307 3860 3443 3907 XYZ
3651 3864 3809 3923 parti-

550 3939 647 3985 bus
672 3938 727 3983 H
905 3942 1175 3988 mascolum
1206 3940 1263 4003 O,
1295 3943 1554 3989 masculini
1582 3942 1628 3988 B
1813 3943 2040 3992 ededisse
2070 3943 2128 4007 O,
2159 3945 2436 3993 edidissent
2463 3946 2506 3992 A
2695 3945 2963 3994 redderent
2989 3946 3049 4005 A,
3081 3945 3374 3994 redderetur
3399 3947 3495 3994 ΒΧ
3520 3948 3640 4009 (non
3674 3948 3730 4008 Y)

552 4021 820 4091 quidquid]
856 4024 1015 4089 ΗΡΘ,
1058 4026 1296 4089 quiequid
1332 4028 1602 4075 VLABXY
1810 4027 1870 4078 12
1910 4038 2199 4079 nasceretur
2232 4045 2330 4079 om.
2360 4032 2406 4078 A
2578 4048 2585 4056 ·
2617 4028 2798 4098 mater]
2836 4035 2886 4079 in
2914 4038 3057 4080 utero
3084 4032 3219 4079 XYZ
3428 4034 3614 4094 quibus
3641 4039 3740 4081 tam
3768 4034 3814 4081 P

557 4108 617 4159 13
655 4113 908 4160 nunercali
939 4114 981 4160 O
1187 4111 1485 4180 miserandi]
1521 4115 1853 4163 inmiserandi
1897 4115 1953 4176 O,
1996 4117 2342 4164 immiserandi
2380 4119 2422 4164 B
2631 4119 2764 4165 iacta
2806 4117 2848 4164 O
3057 4119 3299 4166 detestale
3324 4119 3370 4166 P
3579 4117 3639 4168 14
3675 4116 3811 4186 illis]

551 4198 632 4245 illi
675 4196 718 4244 O
929 4198 991 4247 15
1027 4197 1327 4267 maximum]
1366 4215 1603 4260 magnum
1634 4200 1725 4248 OB
1929 4199 2229 4269 comulabat]
2267 4203 2383 4266 ΗΟ,
2425 4204 2753 4252 commulabat
2789 4204 2895 4266 PV,
2936 4205 3227 4252 cumulabat
3261 4203 3448 4252 LABX
3459 4205 3497 4251 Y
3698 4208 3810 4268 opi-

552 4286 703 4331 nione
739 4285 942 4343 uulgata
983 4284 1070 4332 OB
1278 4282 1419 4352 spes]
1455 4301 1600 4348 ospes
1632 4286 1675 4334 O
1883 4295 2027 4349 capto
2063 4303 2157 4337 om.
2193 4290 2282 4336 OB
2490 4285 2711 4355 indulgi]
2746 4291 2939 4351 ignosci
2970 4289 3157 4337 OBXY
3366 4289 3426 4339 16
3462 4292 3673 4339 habetur
3699 4292 3741 4339 L

550 4372 800 4430 pugnabit
827 4358 911 4431 0¹²,
951 4374 1204 4432 pugnabat
1229 4373 1292 4432 Β,
1332 4374 1624 4435 pugnabant
1651 4373 1695 4419 Z
1900 4371 2142 4440 herculis]
2180 4374 2336 4436 HPV,
2379 4375 2591 4423 hirculis
2625 4376 2685 4435 O,
2726 4375 2952 4424 hercules
2976 4376 3169 4424 LABX
3178 4376 3215 4423 Y
3418 4378 3630 4425 melanis
3656 4374 3810 4444 pene]

553 4454 995 4518 HPVLAOXYZ‚
1037 4458 1259 4507 melanes
1295 4473 1424 4521 pene
1463 4457 1539 4505 B:
1576 4461 1840 4520 requm'tur
1872 4460 2215 4523 Menalippen,
2257 4460 2341 4509 sed
2378 4464 2613 4509 erravisse
2648 4461 2843 4509 videtur
2877 4468 3050 4510 auctor
3309 4462 3367 4511 17
3409 4463 3611 4512 thereus
3653 4464 3743 4511 OB

553 4539 859 4609 hippoliten]
895 4543 1052 4608 HPX,
1094 4545 1382 4606 hyppoliten
1416 4545 1516 4606 VY,
1557 4546 1804 4608 ippoliten
1849 4544 1908 4607 O,
1948 4547 2193 4607 hipoliten
2231 4549 2293 4610 A,
2335 4549 2562 4609 ypoliten
2605 4546 2692 4594 LB
2899 4549 3131 4610 praedam
3170 4548 3313 4597 AOB
3523 4549 3585 4599 18
3623 4557 3673 4598 et
3709 4565 3805 4599 om.

553 4627 640 4674 LA
902 4583 1206 4698 hypolitum]
1254 4631 1363 4692 ΗΡ,
1420 4631 1731 4693 hyppolitum
1778 4631 1922 4694 VXY,
1984 4633 2229 4695 ypolitum
2268 4632 2379 4695 LB,
2431 4634 2691 4696 ippplits*
2735 4633 2822 4695 O‘,
2884 4636 3153 4697 ippolitum
3197 4622 3281 4698 Ob,
3343 4635 3610 4698 hipolitum
3648 4638 3740 4685 AZ

551 4712 669 4781 hae]
703 4716 827 4764 haec
865 4716 907 4763 L
1116 4714 1254 4784 post]
1289 4724 1432 4780 posta
1473 4715 1544 4766 0⁶

728 4921 773 4980 1)
814 4924 884 4983 es.
925 4925 1127 4974 Solinus
1161 4928 1248 4987 38,
1294 4928 1388 4975 13.·
1437 4926 1526 4973 ubi
1573 4925 1791 4974 dehiscit
1837 4925 2022 4973 hiulcis
2070 4928 2233 4988 iugis,
2287 4929 2407 4975 facit
2450 4933 2644 4990 portas,
2702 4942 2913 4990 quarum
2960 4931 3148 4989 primae
3189 4934 3312 4976 sunt
3346 4930 3644 4991 Armeniae,
3702 4935 3808 4978 tum

555 5006 781 5071 Caspiae,
821 5019 935 5072 post
971 5010 1196 5060 Ciliciae.

726 5093 774 5157 2)
815 5095 884 5154 es.
928 5095 1131 5145 Solinus
1165 5099 1251 5159 38,
1299 5099 1392 5144 12.-
1442 5111 1530 5159 pro
1578 5099 1807 5157 gentium
1854 5112 1908 5145 ac
1955 5098 2238 5158 linguarum
2286 5100 2528 5147 varietate
2573 5100 2879 5160 plurifariam
2930 5101 3217 5148 nominatus
3262 5100 3395 5162 apud
3445 5102 3595 5150 Indos
3642 5104 3809 5151 lamus

560 5180 646 5241 (sic
680 5181 794 5230 libri
826 5184 1062 5245 plerique,
1104 5185 1259 5232 lamos
1295 5184 1454 5234 Paris.
1477 5201 1492 5230 .-
1533 5185 1700 5231 Imaus
1727 5183 1923 5232 Plinius
1948 5190 2122 5232 auctor
2147 5184 2349 5246 Solius),
2391 5200 2507 5234 mox
2532 5187 2832 5249 Propanisus
2875 5188 3218 5248 (propannisos
3242 5189 3319 5234 vel
3345 5189 3626 5249 profanisus
3652 5188 3804 5252 libri).

555 5268 796 5316 Choatras
833 5270 964 5331 apud
1002 5269 1233 5331 Parthos,
1276 5277 1389 5331 post
1427 5271 1696 5332 Niphates,
1757 5271 1878 5318 inde
1917 5272 2112 5320 Taurus
2148 5277 2299 5333 atque
2335 5274 2424 5320 ubi
2459 5275 2517 5320 in
2554 5275 2950 5322 excelsissimam
2986 5276 3242 5333 consurgit
3276 5274 3635 5322 sublimitatem
3676 5275 3807 5324 Cau-

555 5368 720 5404 casus.
793 5355 988 5404 interea
1024 5357 1177 5404 etiam
1214 5372 1243 5404 a
1278 5358 1474 5418 populis
1512 5359 1896 5419 appellationem
1933 5358 2103 5408 trahit.

730 5440 780 5503 3)
821 5443 1046 5489 Iustinus
1071 5445 1122 5506 2,
1152 5446 1200 5502 4,
1233 5445 1281 5491 9.
1311 5444 1395 5492 10.
1431 5447 1488 5491 11
1511 5459 1526 5488 :
1565 5437 1630 5491 ne
1667 5457 1826 5503 genus
1864 5445 2111 5505 interiret,
2152 5447 2450 5494 concubitus
2485 5447 2812 5494 finitimorum
2838 5448 3037 5494 ineunt.
3096 5447 3141 5495 si
3167 5448 3253 5507 qui
3279 5459 3437 5493 mares
3464 5452 3803 5506 nascerentur,

553 5528 947 5577 interficiebant:
989 5529 1212 5589 virgines
1249 5530 1306 5577 in
1340 5530 1554 5578 eundem
1591 5531 1718 5591 ipsis
1755 5544 1938 5578 morem
1981 5568 1992 5579 .
2027 5569 2038 5579 .
2072 5568 2085 5579 .
2125 5533 2279 5580 armis
2314 5533 2461 5594 equis
2500 5534 2853 5582 venationibus
2889 5533 3204 5581 exercebant.
3277 5531 3348 5590 cs.
3396 5530 3537 5582 Oros.
3584 5536 3628 5593 1,
3677 5537 3758 5584 15.

728 5613 777 5676 4)
823 5616 1046 5663 Iustinus
1084 5617 1131 5675 2,
1175 5619 1222 5676 4,
1267 5618 1504 5664 21—24:
1561 5616 1802 5664 Hercules
1837 5617 1898 5664 ad
1935 5619 2063 5666 litus
2099 5619 2411 5668 Amazonum
2450 5618 2727 5680 adplicuit,
2773 5654 2787 5668 .
2819 5654 2834 5667 .
2866 5654 2880 5668 .
2921 5618 3110 5666 multae
3149 5653 3163 5667 .
3195 5652 3209 5666 .
3242 5653 3255 5666 .
3295 5631 3467 5666 caesae
3504 5624 3801 5681 captaeque,

551 5701 611 5748 in
645 5701 727 5748 his
764 5735 780 5750 .
811 5736 824 5749 .
858 5736 871 5750 .
911 5702 1199 5762 Melanippo
1235 5703 1295 5749 ab
1332 5703 1563 5764 Hercule,
1608 5704 1879 5765 Hippolyte
1916 5719 1943 5751 a
1977 5705 2171 5754 Theseo
2208 5741 2223 5754 .
2256 5740 2270 5754 .
2302 5740 2317 5753 .
2357 5705 2584 5753 Theseus
2621 5707 2827 5754 obtenta
2862 5707 2918 5753 in
2955 5705 3233 5766 praemium
3271 5705 3467 5765 captiva
3503 5706 3714 5753 eanndem
3751 5707 3806 5754 in

553 5789 926 5835 matrimonium
965 5789 1245 5850 adsumpsit
1280 5795 1333 5837 et
1368 5803 1430 5860 ex
1469 5804 1528 5837 ea
1562 5791 1741 5850 genuit
1776 5789 2124 5852 Hippolytum.
2201 5790 2270 5852 ef.
2317 5790 2461 5840 Oros.
2508 5795 2552 5852 1,
2598 5795 2678 5841 15.
