4882 6775
1073 487 1156 551 42
2516 482 2878 541 IORDANIS

1071 664 1137 742 et
1180 677 1598 743 Sebastianus
1658 677 1750 742 ibi
1807 676 1876 742 in
1921 675 2156 741 Galliis
2212 676 2554 758 tyrannide
2616 676 2992 741 moliuntur:
3062 675 3177 741 sed
3236 682 3301 739 et
3357 674 3481 759 ipsi
3528 673 3675 739 ilico
3721 693 3866 738 esse
3914 672 4262 739 desierunt.
4311 671 4332 757 Ι(

1070 780 1538 846 Haeraclianus
1582 787 1726 864 post
1771 780 1931 844 haec
1977 799 2120 843 cum
2168 778 2594 864 septingentis
2640 786 2706 844 et
2748 780 2951 844 tribus
2996 779 3272 844 navibus
3293 781 3329 863 ¹)
3385 777 3652 843 armatis
3696 776 3781 841 ad
3811 777 4029 841 urbem
4064 778 4328 841 Romam
4359 791 4495 831 narc-
4523 791 4602 833 ⁴¹³

1077 883 1602 967 depraedandam
1663 882 1961 961 advenit;
2025 890 2245 947 contra
2301 903 2489 965 quem
2536 881 2822 947 Marinus
2881 882 3079 947 comis
3138 900 3439 965 egressus
3492 881 3586 946 sic
3631 901 3775 945 eum
3821 880 4196 963 perterruit,
4267 886 4335 943 ut

1005 1004 1029 1044 4
1071 992 1315 1050 tantum
1384 1007 1527 1051 cum
1590 1007 1721 1051 una
1780 1006 1945 1051 nave
2005 985 2393 1067 Chartagine
2456 985 2728 1068 fugiret,
2804 986 2911 1050 ubi
2973 1005 3122 1049 mox
3180 985 3512 1067 ingressus
3570 982 4073 1065 interfectusque
4132 990 4250 1047 est.
4315 983 4336 1068 ΙΙ

909 1090 1035 1151 326
1070 1089 1262 1154 Valia
1317 1109 1431 1154 rex
1478 1089 1985 1171 vesegotharum
2045 1088 2218 1154 facta
2278 1108 2440 1173 pace
2501 1109 2645 1154 cum
2698 1089 2979 1153 Honorio
3027 1088 3380 1153 Placidiam
3441 1107 3718 1152 sororem
3765 1087 3904 1152 eius
3950 1086 4252 1167 reddidit,
4313 1087 4332 1171 ΙΙ
4357 1102 4494 1142 Mue-
4524 1104 4602 1143 ⁴¹⁴

1073 1212 1265 1272 quam
1323 1192 1695 1257 Constantio
1761 1192 2062 1277 patricie,
2137 1192 2245 1273 qui
2313 1212 2455 1256 eam
2524 1198 2967 1272 revocaverat,
3042 1190 3110 1254 in
3168 1191 3567 1255 matrimonio
3625 1190 3899 1272 iungens
3947 1190 3970 1274 ΙΙ
4014 1189 4333 1253 Honorius
4362 1188 4606 1281 ᾓξξοῇῃ

1074 1294 1267 1359 rebus
1326 1294 1623 1359 humanis
1680 1294 1979 1360 excessit.
2038 1294 2062 1378 Ι(
2116 1293 2436 1358 Maximus
2496 1300 2561 1358 et
2603 1294 2864 1358 Iovinus
2924 1294 3007 1358 de
3054 1294 3331 1376 Spanias
3383 1292 3552 1358 ferro
3599 1293 3793 1357 vincti
3837 1293 4095 1357 abducti
4140 1300 4332 1375 atque
4361 1307 4496 1349 Murc-
4526 1308 4608 1349 ⁴22

911 1400 1034 1460 327
1071 1396 1392 1461 interfecti
1437 1405 1606 1463 sunt.
1645 1398 1669 1481 Ι(
1714 1398 2037 1462 Iohannes
2081 1417 2233 1461 vero
2278 1396 2557 1461 Honorio
2603 1396 2904 1462 defuncto
2948 1417 3213 1480 regnum
3260 1396 3721 1461 occidentalem
3766 1395 4024 1459 invasit.
4117 1402 4337 1459 contra
4362 1411 4498 1451 Marc.
4529 1410 4604 1451 ⁴2⁴

1007 1520 1034 1560 ο
1074 1519 1261 1582 quem
1322 1500 1610 1565 Placidia
1677 1507 1954 1565 creatam
2017 1503 2376 1582 Augustam
2446 1507 2511 1564 et
2566 1500 3059 1565 Valentinianus
3127 1500 3298 1564 filius
3366 1498 3509 1563 eius
3570 1499 3811 1564 Caesar
3875 1498 4254 1580 diriguntur.
4317 1497 4338 1582 ΙΙ

913 1604 1035 1666 328
1074 1622 1261 1684 quem
1323 1609 1388 1668 et
1448 1602 1598 1667 dolo
1661 1603 1871 1687 potius
1916 1603 2187 1686 Asparis
2248 1610 2314 1667 et
2357 1603 2713 1668 Ardaburis
2773 1622 2963 1684 quam
3010 1602 3243 1667 virtute
3288 1602 3457 1666 Aetii
3476 1605 3520 1683 2)
3576 1608 3904 1685 superant.
4000 1601 4336 1682 occisoque
4365 1617 4499 1657 nare.
4530 1618 4611 1658 ηπ

1072 1706 1357 1770 Iohanne
1416 1713 1687 1789 tyranno
1745 1706 2237 1770 Valentinianus
2293 1708 2602 1771 Ravenna
2657 1707 3008 1790 imperator
3065 1727 3106 1769 a
3163 1706 3455 1789 patruele
3500 1704 3862 1769 Theodosio
3924 1703 4271 1767 ordinatur.
4325 1702 4346 1788 Ι(

1075 1809 1257 1873 cuius
1316 1829 1627 1892 germana
1672 1810 1951 1874 Honoria
2010 1809 2161 1875 dum
2222 1810 2307 1874 ad
2366 1810 2557 1875 aulae
2617 1809 2815 1874 decus
2873 1809 3303 1890 virginitatem
3364 1827 3546 1872 suam
3607 1814 3939 1890 cogeretur
3990 1805 4329 1887 custodire,
4366 1806 4656 1900 {gt-,33³²

1075 1912 1242 1976 clam
1302 1912 1497 1976 misso
1555 1913 1860 1978 clientulo
1919 1912 2185 1977 Attilam
2249 1912 2628 1976 Hunnorum
2688 1932 2908 1994 regem
2967 1912 3197 1975 invitat
3252 1911 3322 1975 in
3381 1910 3595 1974 Italia.
3710 1929 3981 1991 cumque
4041 1909 4337 1974 veniente

1075 2014 1278 2078 Attila
1322 2023 1537 2080 votum
1584 2035 1769 2080 suum
1817 2016 2105 2098 nequivit
2147 2017 2410 2099 explere
2458 2015 2857 2096 facinusque,
2911 2014 3082 2097 quod
3125 2035 3269 2078 cum
3300 2013 3502 2103 Attila
3546 2033 3670 2077 non
3716 2012 3979 2093 fecerat,
4033 2033 4173 2076 cum
4207 2013 4338 2076 Eu-

982 2138 1039 2179 15
1077 2117 1267 2199 genio
1325 2118 1718 2201 procuratori
1763 2138 1879 2183 suo
1925 2118 2279 2183 committit.
2373 2138 2567 2200 quam
2614 2118 2693 2182 ob
2740 2138 2871 2182 rem
2919 2124 3095 2181 tenta
3137 2138 3179 2181 a
3223 2137 3527 2198 germano
3579 2124 3644 2180 et
3689 2117 3754 2179 in
3799 2115 4340 2199 Constantinopo-

914 2225 1039 2285 329
1078 2221 1188 2285 lim
1233 2221 1598 2286 Theodosio
1643 2220 1915 2306 principi
1964 2221 2286 2287 destinata
2329 2228 2429 2285 est
2449 2224 2521 2303 ³).
2562 2223 2588 2304 (Ι
2640 2228 2785 2304 post
2827 2220 2989 2285 haec
3035 2239 3113 2283 111
3158 2240 3325 2284 auno
3372 2219 3865 2284 Valentinianus
3908 2219 4255 2303 imperator
4298 2240 4337 2282 a
4365 2234 4501 2275 nare.
4535 2235 4613 2275 ⁴³⁷

1077 2325 1283 2387 Roma
1328 2323 1943 2409 Constantinopolim
2005 2324 2084 2389 ob
2145 2323 2627 2408 suscipiendam
2674 2324 2739 2386 in
2785 2323 3185 2388 matrimonio
3230 2323 3585 2387 Eudoxiam
3632 2322 3983 2387 Theodosii
4029 2321 4339 2405 principis

1075 2425 1276 2490 filiam
1323 2426 1498 2491 venit
1529 2427 1554 2511 ΙΙ
1597 2427 1941 2509 datamque
1988 2448 2102 2511 pro
2147 2447 2410 2492 munere
2458 2428 2659 2491 soceri
2706 2425 2808 2491 sui
2852 2433 3049 2491 totam
3082 2426 3413 2510 Illyricum
3434 2430 3477 2509 ⁴)
3529 2427 3553 2510 ΙΙ
3585 2426 3928 2491 celebratis
3973 2425 4215 2509 nuptiis
4259 2426 4345 2490 ad
4372 2424 4485 2465 ΜΝ·

4373 2477 4506 2517 Marc.
4539 2477 4571 2516 1.
4605 2490 4647 2516 c.

917 2532 1041 2593 330
1080 2549 1201 2594 sua
1245 2550 1444 2613 regna
1490 2550 1633 2594 cum
1679 2550 1878 2594 uxore
1923 2531 2210 2595 secessit.
2271 2530 2295 2613 ΙΙ
2349 2530 2659 2594 Africana
2720 2530 3049 2613 provincia
3092 2550 3206 2614 per
3252 2529 3640 2593 Bonifatium
3687 2529 3980 2593 comitem
4027 2528 4340 2593 Vandalis
4367 2528 4561 2620 {2⁸th
4603 2582 4677 2619 ,37

980 2654 1040 2696 20
1079 2631 1317 2697 tradita
1361 2640 1426 2697 et
1469 2654 1511 2697 a
1554 2635 1840 2697 Romano
1884 2633 2023 2699 iure
2069 2634 2396 2698 subtracta
2440 2640 2572 2713 est,
2640 2633 2792 2713 quia
2835 2633 3233 2713 Bonifatius,
3297 2633 3447 2698 dum
3503 2632 3572 2695 in
3617 2632 3865 2696 offensa
3908 2631 4342 2696 Valentiniani

1082 2735 1402 2817 venisset,
1471 2736 1641 2799 malo
1702 2736 1959 2819 publico
2020 2755 2091 2801 se
2151 2735 2501 2801 defendere
2554 2734 2757 2799 voluit
2799 2735 3198 2815 invitatoque
3242 2735 3326 2799 ab
3373 2735 3636 2818 Spaniis
3682 2734 3973 2799 Gizerico
4019 2735 4346 2800 Vandalo-

920 2844 1039 2903 331
1084 2858 1222 2903 rum
1269 2857 1422 2919 rege
1467 2838 1686 2904 dolum
1732 2838 1904 2920 quod
1949 2845 2329 2924 conceperat
2374 2839 2648 2923 peperit.
2687 2840 2711 2922 Ι(
2743 2839 3114 2902 Hunnorum
3163 2858 3275 2902 rex
3306 2839 3509 2903 Attila
3537 2838 3771 2903 iunctis
3804 2856 4020 2902 secum
4059 2837 4346 2921 Gepidas
4373 2839 4570 2932 {ssi-Nm,
4612 2896 4688 2933 ms·

1088 2960 1232 3004 cum
1278 2940 1620 3022 Ardarico,
1685 2941 2056 3023 Gothosque
2102 2962 2244 3006 cum
2292 2942 2608 3019 Valamir‚
2679 2939 3096 3023 diversasque
3143 2941 3307 3005 alias
3351 2942 3642 3005 nationes
3689 2941 3824 3005 suis
3870 2961 4011 3005 cum
4060 2942 4339 3023 regibus,

1088 3064 1341 3108 omnem
1384 3043 1715 3127 Illyricum
1756 3035 2179 3128 Traciamque
2222 3052 2288 3110 et
2332 3051 2667 3126 utramque
2699 3043 2989 3125 Daciam,
3042 3043 3319 3126 Mysiam
3366 3050 3430 3108 et
3459 3044 3787 3128 Scythiam
3835 3045 4180 3128 populatus
4224 3051 4344 3109 est.

987 3169 1054 3209 25·
1090 3154 1309 3211 contra
1366 3166 1556 3227 quem
1602 3147 2022 3229 Arnegisclus
2080 3149 2390 3229 magister
2448 3148 2719 3213 militum
2765 3148 3017 3229 Mysiae
3080 3166 3383 3228 egressus
3442 3167 3483 3210 a
3526 3147 4047 3230 Marcianopolim
4107 3146 4353 3211 fortiter
4381 3168 4440 3208 cr.
4471 3168 4617 3209 nm.
4652 3172 4727 3210 n:

1091 3248 1453 3330 dimicavit,
1519 3269 1811 3332 equoque
1870 3251 1988 3316 sub
2046 3270 2116 3315 se
2176 3250 2516 3315 decidente
2575 3257 2965 3334 praeventus
3024 3256 3157 3333 est,
3225 3257 3290 3314 et
3348 3269 3469 3315 nec
3525 3249 3620 3313 sic
3677 3249 4019 3332 quiescens
4081 3250 4344 3332 bellare,

1090 3350 1341 3417 occisus
1388 3358 1508 3418 est.

930 3462 1056 3524 332
1266 3456 1629 3521 Marcianus
1674 3456 2019 3541 imperator
2061 3457 2357 3539 regnavit
2397 3478 2508 3523 an.
2560 3476 2630 3521 vr
2676 3479 2762 3523 m.
2815 3475 2907 3520 vr.
2948 3458 2973 3542 ΙΙ
3020 3457 3124 3521 hic
3169 3457 3402 3522 etenim
3449 3478 3596 3521 mox
3642 3456 3945 3522 defuncto
3990 3458 4352 3523 Theodosio
4380 3481 4518 3523 nm.
4548 3484 4652 3524 ⁴57.
4684 3486 4758 3524 iza·

1093 3559 1160 3623 in
1206 3578 1404 3641 regno
1449 3559 1691 3624 ascitus
1737 3560 1764 3642 Ι(
1808 3560 2213 3648 Pulcher-iam
2257 3580 2634 3644 germanam
2678 3560 3065 3642 Theodosii,
3132 3581 3301 3642 quae
3344 3560 3412 3624 in
3456 3561 3699 3644 palatio
3743 3561 3872 3625 iam
3918 3569 4171 3627 matura
4214 3582 4357 3625 mu-
4383 3586 4503 3627 mn.

1269 3820 1320 3866 H
1345 3818 1392 3865 P
1424 3820 1462 3865 V
1484 3819 1522 3867 8
1548 3820 1597 3880 (5
1624 3821 1767 3868 Valia
1788 3847 1860 3855 —
1887 3819 1951 3869 28
1978 3837 2044 3869 m.
2074 3824 2146 3880 vx)
2178 3821 2222 3868 L
2261 3822 2450 3869 Paulus
2474 3822 2518 3870 h.
2551 3821 2613 3870 R.
2646 3821 2732 3881 13,
2763 3822 2794 3867 2
2837 3819 2884 3880 (6
2909 3821 3243 3883 Constantio).
3324 3826 3405 3882 14,
3440 3823 3472 3869 2
3512 3820 3597 3883 (24
3624 3836 3823 3889 omnem
3848 3849 3912 3857 —
3938 3824 4209 3885 populatus
4234 3825 4349 3878 est).

1095 3905 1361 3965 steculsus
1387 3907 1433 3968 2,
1467 3908 1514 3967 5,
1554 3909 1611 3952 14
1656 3905 1739 3966 (22
1778 3907 2076 3956 Hunnorum
2114 3935 2183 3943 —
2217 3906 2280 3955 27
2322 3913 2441 3972 est).
2483 3936 2545 3944 —
2588 3908 2721 3958 Mur.
2761 3923 2811 3968 p.
2844 3908 2973 3957 ‘239⁶
3008 3926 3056 3958 υ.
3088 3909 3118 3958 8
3156 3909 3390 3959 Honorio.

1273 4024 1294 4073 1
1337 4028 1480 4087 gallis
1507 4027 1558 4073 H
1762 4022 2052 4091 tyrannide]
2077 4027 2239 4088 HPV,
2280 4029 2585 4077 tirannidem
2614 4029 2657 4076 L
2864 4029 3161 4077 desiderunt
3186 4029 3227 4076 L
3460 4027 3489 4076 2
3528 4025 3892 4095 haeraclianus]
3917 4029 4071 4090 HPL,
4118 4029 4356 4077 heraclia-

1096 4126 1193 4160 nus
1238 4113 1280 4160 V
1553 4114 1925 4174 septingnentis
1964 4114 2006 4161 L
2283 4115 2315 4163 4
2352 4112 2662 4181 chartagine]
2699 4102 2892 4179 HPV1’,
2947 4117 3226 4176 carthagine
3264 4115 3323 4169 L,
3369 4116 3602 4175 chargine
3649 4114 3723 4161 V⁰
4002 4111 4213 4180 fugitet]
4248 4115 4359 4162 libri

1099 4198 1129 4246 5
1167 4200 1337 4246 unalia
1370 4199 1409 4247 S
1658 4196 1774 4265 rex]
1813 4214 1876 4248 ex
1914 4200 1957 4247 L
2235 4202 2267 4250 6
2302 4204 2486 4262 iugens
2522 4200 2569 4248 P
2844 4201 2870 4248 7
2910 4199 3137 4267 abducti]
3177 4200 3493 4249 Marcellinus
3532 4201 3658 4263 (cod.
3702 4201 4018 4262 Audomar.),
4058 4203 4231 4250 aducti
4270 4200 4353 4258 1²⁸,

1099 4285 1296 4333 acducti
1334 4285 1400 4345 Η,
1460 4285 1666 4333 adducti
1702 4273 1905 4335 P⁶VLS
2187 4286 2249 4336 10
2285 4289 2408 4335 aecii
2448 4289 2514 4347 S,
2572 4289 2662 4335 etii
2699 4288 2743 4335 L
3018 4285 3281 4353 superant]
3333 4293 3633 4349 superantur
3670 4288 3712 4334 L
3992 4287 4046 4336 11
4090 4289 4279 4336 theosio
4316 4287 4360 4334 L

1104 4370 1165 4419 12
1202 4372 1438 4418 hermena
1475 4372 1515 4418 L
1797 4371 1859 4421 13
1897 4373 2110 4421 attillam
2150 4372 2194 4418 P
2471 4387 2719 4422 annorum
2759 4373 2802 4420 L
3079 4370 3241 4441 italia]
3277 4373 3476 4433 HPVS,
3530 4374 3722 4421 italiam
3758 4373 3801 4420 L
4081 4372 4143 4422 14
4182 4388 4278 4422 suu
4324 4373 4365 4419 V

1105 4456 1164 4506 15
1202 4463 1513 4518 procuratore
1549 4455 1596 4503 P
1835 4455 2125 4524 committit]
2161 4473 2276 4507 cum
2312 4460 2562 4508 militibus
2600 4461 2654 4507 Η
2897 4456 2958 4508 18
2997 4459 3192 4508 ilricum
3228 4460 3581 4508 concelebratis
3618 4459 3662 4506 L
3911 4458 3972 4508 19
4008 4463 4215 4508 recessit
4253 4460 4297 4505 P

1099 4539 1352 4610 comitem]
1392 4545 1680 4606 principem
1717 4545 1761 4592 L
2004 4545 2272 4594 uuandalis
2311 4545 2354 4592 L
2597 4545 2663 4595 20
2700 4560 2900 4595 romana
2939 4546 2979 4593 L
3224 4542 3432 4611 offensa]
3469 4545 3766 4607 H(·?,PVSL
3995 4547 4278 4594 ualentiani
4312 4547 4367 4593 H

1100 4629 1158 4679 21
1203 4627 1435 4696 giserico]
1475 4631 1535 4692 L,
1578 4632 1806 4691 gyzerico
1841 4631 2026 4680 HPVS
2268 4633 2633 4682 uuandolorum
2658 4632 2743 4686 ,ια
2992 4632 3057 4682 22
3095 4635 3295 4681 iunctos
3333 4634 3469 4682 Frec.
3716 4632 3956 4694 gespidas
3995 4632 4046 4693 S,
4089 4634 4283 4695 gepidis
4319 4633 4362 4680 L

1101 4716 1165 4765 23
1205 4713 1438 4783 ualamir]
1476 4717 1639 4780 HPV,
1682 4700 1927 4767 unalamir
1965 4717 2054 4781 La,
2098 4719 2359 4767 unalamer
2395 4705 2482 4780 Ι),
2524 4720 2734 4767 ualamis
2771 4718 2809 4766 8
3015 4719 3079 4768 24
3115 4721 3307 4768 illicum
3343 4719 3402 4781 L,
3452 4719 3735 4779 hillyricum
3781 4720 3823 4768 V
4028 4718 4091 4769 25
4129 4734 4362 4779 arnegys-

1101 4805 1208 4851 clus
1248 4804 1381 4852 Frec.
1401 4841 1413 4865 ,
1455 4806 1748 4866 arnegisdns
1781 4804 1836 4865 8,
1877 4806 2149 4854 arneisclus
2175 4805 2219 4853 L
2428 4806 2830 4867 martianopolim
2855 4804 2911 4865 S,
2952 4807 3321 4868 marcinopolim
3346 4807 3403 4853 H
3604 4805 3671 4855 20
3708 4802 3961 4873 equoque]
3996 4805 4093 4852 ΗΡ
4106 4805 4196 4867 VS,
4237 4820 4362 4868 quo-

1056 4927 1063 4934 .
1102 4904 1200 4951 que
1238 4890 1300 4951 L,
1340 4905 1468 4952 equo
1509 4892 1644 4940 Rrec.
1857 4897 2192 4953 praeuentum
2230 4891 2276 4939 P
2482 4890 2548 4942 28
2586 4906 2653 4940 m.
2683 4893 2755 4939 uii
2795 4892 2840 4938 P
3043 4889 3256 4958 etenim]
3301 4892 3401 4954 VL,
3444 4894 3651 4941 *aenim
3688 4893 3745 4955 P,
3788 4893 3927 4941 enim
3963 4892 4017 4939 H
4221 4893 4362 4940 theo-

1101 4977 1232 5025 dosii
1265 4975 1312 5023 P
1520 4975 1585 5024 29
1623 4978 1858 5027 theodisii
1907 4978 1948 5025 V
2153 4980 2253 5027 iam
2288 4991 2387 5026 om.
2429 4978 2473 5026 L

1282 5183 1327 5245 Ι)
1367 5199 1483 5233 cum
1522 5186 1860 5246 septingentis
1896 5192 1950 5233 et
1984 5188 2148 5234 tribus
2187 5188 2392 5235 milibus
2430 5188 2636 5235 navium
2676 5187 2993 5236 Marcellinus
3035 5189 3157 5252 (cod.
3190 5188 3482 5250 Audomar.)
3523 5190 3842 5249 similiterque
3885 5187 4090 5237 Orosius
4126 5191 4173 5249 7,
4216 5189 4297 5236 42,

1280 5269 1330 5331 2)
1370 5271 1510 5319 Aetii
1545 5274 1724 5320 omittit
1762 5270 2081 5321 Marcellinus
2113 5278 2259 5322 reete.

1276 5356 1324 5418 3)
1369 5358 1586 5407 Honoris
1621 5357 1970 5406 Valentiniani
2020 5360 2262 5421 principis
2309 5371 2547 5418 germana
2585 5396 2597 5408 .
2633 5396 2644 5408 .
2678 5396 2691 5409 .
2733 5359 2852 5408 dum
2898 5365 3102 5422 propter
3150 5362 3291 5409 aulae
3340 5361 3494 5409 decus
3531 5361 3589 5408 ad
3628 5362 3908 5409 castitatem
3944 5365 4200 5409 teneretur
4236 5365 4365 5408 nutu

1104 5444 1276 5491 fratris
1312 5445 1534 5506 inclusa,
1595 5444 1721 5492 clam
1773 5446 2006 5494 eunucho
2052 5447 2202 5494 misso
2237 5447 2515 5494 Attilanem
2553 5447 2794 5495 invitasse
2839 5447 2989 5495 Getic.
3033 5449 3119 5497 42.
3194 5449 3411 5496 Honoria
3446 5447 3793 5495 Valentiniani
3831 5448 3954 5511 imp.
3996 5461 4129 5495 soror
4163 5450 4222 5495 ab
4260 5447 4366 5494 Eu-

1107 5532 1253 5589 genio
1300 5535 1612 5592 procuratore
1657 5544 1747 5578 suo
1793 5535 2016 5593 stuprata
2050 5533 2309 5592 concepit,
2361 5533 2643 5594 palatioque
2681 5534 2892 5594 expulsa
2928 5534 3202 5582 Theodosio
3239 5535 3453 5596 principi
3489 5534 3551 5581 de
3588 5535 3732 5582 ltalia
3766 5535 4058 5582 transmissa
4093 5535 4365 5582 Attilanem

1103 5620 1279 5664 contra
1312 5617 1684 5665 Occidentalem
1722 5630 1826 5665 rem
1861 5617 2115 5679 publicam
2151 5619 2427 5666 concitabat
2467 5618 2782 5666 Marcellinus
2818 5636 2864 5667 a.
2898 5621 3016 5670 434.

1279 5701 1329 5763 4)
1371 5701 1442 5763 cs.
1485 5702 1822 5751 Cassiodorius
1857 5718 1964 5753 var.
1993 5707 2098 5766 11,
2147 5708 2206 5750 1:
2261 5704 2508 5766 (Placidia)
2568 5719 2749 5752 nurum
2800 5706 2896 5752 sibi
2946 5707 3211 5754 amissione
3260 5707 3442 5766 Illyrici
3493 5708 3794 5767 comparavit
3841 5707 4072 5769 factaque
4121 5715 4200 5756 est
4245 5719 4369 5757 con-

1108 5789 1298 5837 iunctio
1335 5792 1589 5849 regnantis
1625 5791 1810 5838 divisio
1845 5791 2063 5839 dolenda
2096 5792 2387 5854 provinciis.
