4882 6775
1065 435 1219 498 Xv]
2481 426 2942 483 Pnoomnvm.

661 658 1047 751 ,ss‘fflffitg²{g,¹‚¹gg
1248 656 1751 742 Dispositionem
1782 655 2054 719 Romani
2098 654 2301 718 libelli
2348 674 2647 719 enarrare
2695 669 3243 736 supervacaneum
3291 653 3423 713 est:
3478 667 3624 710 nam
3673 665 3815 709 cum
3853 642 4199 728 perspicua
4229 639 4331 719 sit,

835 763 1046 803 ¹²⁰¹¹¹⁸¹¹i⁸
1074 800 1284 865 pauca
1341 797 1507 861 quae
1552 776 1634 841 de
1680 796 1762 841 ea
1803 795 1873 841 re
1919 774 2195 840 dicenda
2238 781 2388 840 sunt
2431 774 2648 859 aptius
2692 773 2759 838 in
2803 770 3172 837 auctoribus
3217 766 3595 833 enarrandis
3641 764 4194 849 significabuntur.
4251 796 4338 807 --

1077 901 1442 965 ‘Summam
1488 899 1894 981 temporum’,
1963 916 2154 979 quam
2213 894 2280 960 in
2339 864 2547 959 libelli
2605 893 2819 959 indice
2879 890 3123 977 posuit,
3191 895 3261 954 ut
3311 889 3380 953 in
3423 886 3824 972 praefatione
3869 883 4185 969 explicat,
4248 881 4338 945 ita

1072 1026 1365 1102 enarrat,
1433 1024 1503 1083 ut
1548 1039 1589 1082 a
1635 1016 1957 1083 creatione
2002 1014 2226 1080 mundi
2270 1033 2385 1100 per
2427 1013 2876 1098 generationes
2922 1009 3430 1097 patriarcharum
3474 1007 3559 1073 ad
3603 1008 3842 1073 Abram
3889 1005 4027 1070 sive
4071 1002 4333 1084 Ninum,

1071 1143 1154 1208 ab
1198 1140 1324 1206 hoc
1366 1159 1482 1225 per
1524 1157 1715 1222 reges
1759 1136 2193 1220 Assyriorum,
2245 1134 2601 1219 Medorum,
2651 1135 3029 1213 Persarum,
3083 1131 3500 1210 Graecorum,
3568 1128 3640 1194 id
3682 1133 3783 1192 est
3824 1126 4337 1191 Ptolemaeorum

1070 1259 1572 1345 Aegyptiorum,
1641 1259 2067 1322 Romanorum
2113 1256 2200 1321 ad
2244 1255 2672 1320 Iustinianum
2718 1253 3048 1333 decurrat,
3114 1251 3207 1315 ita
3251 1256 3467 1315 tamen
3511 1255 3583 1313 ut
3627 1254 3968 1332 postquam
4014 1243 4100 1309 ad
4142 1244 4335 1307 finem

1069 1380 1255 1464 regni
1299 1379 1683 1465 Aegyptiaci
1727 1376 2018 1463 pervenit
2068 1380 2144 1457 (c.
2199 1378 2300 1459 85)
2335 1428 2347 1453 ‚
2407 1377 2649 1441 Romae
2695 1374 2868 1438 urbis
2913 1371 3243 1437 historiam
3289 1371 3371 1436 ab
3417 1369 3577 1454 ipsis
3622 1367 3987 1452 primordiis
4031 1363 4331 1449 explicet,

1071 1501 1279 1567 donec
1342 1500 1429 1565 ad
1485 1499 1846 1582 Augustum
1914 1514 2295 1581 progressus
2355 1515 2409 1560 c.
2464 1499 2588 1559 250
2656 1494 2741 1558 ad
2808 1494 3228 1577 interruptum
3298 1488 3583 1557 ordinem
3644 1488 3835 1554 redit.
3929 1482 4341 1565 chronologia

1071 1621 1286 1706 operis
1330 1640 1457 1685 non
1503 1625 1635 1693 tam
1680 1619 1952 1684 obscura
1996 1623 2096 1682 est
2138 1636 2331 1700 quam
2378 1614 2787 1699 perturbata,
2853 1612 3286 1678 contaminata
3342 1610 3587 1676 scilicet
3644 1631 3724 1676 ex
3771 1609 4020 1674 duobus
4065 1604 4341 1671 auctori-

1070 1742 1192 1807 bus
1212 1743 1281 1823 32)
1339 1741 1541 1806 altero
1585 1739 2015 1822 HieronymO,
2069 1737 2170 1801 cui
2217 1736 2456 1802 Christi
2501 1734 2739 1801 natalis
2783 1732 3009 1798 incidit
3050 1733 3117 1796 in
3162 1752 3400 1796 annum
3446 1730 3671 1797 mundi
3716 1733 3885 1793 5200
3911 1781 3925 1808 ,
3977 1728 4181 1792 altero
4227 1724 4342 1789 de-

1072 1861 1322 1946 perdito
1367 1859 1776 1926 adscribente
1823 1878 1969 1924 eum
2016 1856 2102 1922 ad
2160 1878 2219 1922 a.
2275 1861 2468 1920 5500.
2563 1874 2729 1938 quae
2777 1852 3142 1919 differentia
3187 1872 3330 1918 cum
3375 1852 3460 1917 ad
3506 1851 3808 1915 chronica
3851 1848 4044 1914 huius
4087 1844 4343 1930 generis

1072 1988 1245 2048 recte
1312 1979 1719 2047 aestimanda
1783 1976 2133 2063 pertineat,
2210 1976 2354 2043 visa
2411 1983 2510 2041 est
2566 1974 2943 2057 diligentius
3003 1972 3384 2056 exequenda
3441 1990 3611 2037 esse.
3718 1969 3870 2035 dedi
3930 1971 4337 2052 conspectum

1072 2102 1616 2188 computationum
1663 2099 2061 2165 diversarum
2107 2096 2285 2180 apud
2328 2095 2670 2162 Iordanem
2716 2100 3113 2197 repertarum
3155 2091 3684 2178 interpretatione
3731 2088 4111 2173 subscripta.

3428 2203 3581 2278 anni

1254 2328 1332 2408 (c.
1385 2328 1442 2408 7)
1497 2325 1580 2390 ab
1627 2322 1875 2406 origine
1920 2320 2145 2386 mundi
2190 2321 2275 2386 ad
2320 2319 2632 2384 diluvium
2753 2400 2758 2401 ἶ
3345 2319 3513 2379 2242
3535 2317 3607 2399 33)
3593 2317 3745 2499 ))(

1257 2430 1332 2513 (c.
1386 2430 1444 2511 9)
1501 2448 1542 2492 a
1587 2425 1830 2491 diluvio
1877 2423 1963 2489 ad
2008 2424 2225 2489 Heber
3388 2422 3512 2483 525
3533 2421 3604 2501 3⁴)
3730 2419 3806 2499 (c.
3853 2420 3946 2499 11)
3985 2414 4342 2480 1101113308

1258 2534 1333 2615 (c.
1394 2534 1489 2616 10)
1547 2530 1629 2595 ab
1674 2528 1892 2593 Heber
1937 2526 2021 2592 ad
2066 2546 2304 2590 annum
2348 2526 2483 2591 nati
2528 2525 2852 2605 Abrahae,
2905 2524 3058 2588 Nini
3107 2542 3252 2587 xnn
3386 2526 3503 2585 541
3532 2522 3603 2605 ³⁵)
3588 2421 3688 2617 )J

1258 2638 1335 2718 (c.
1388 2634 1486 2714 49)
1546 2651 1734 2714 reges
1778 2630 2033 2715 Assyrii
2077 2651 2117 2694 a
2160 2648 2305 2695 xnn
2352 2629 2506 2694 Nini
2549 2628 2635 2694 ad
2680 2628 2870 2693 finem
2917 2627 3102 2711 regni
4019 2622 4208 2704 [1197
4234 2622 4333 2700 33))

1257 2742 1330 2821 (0.
1385 2740 1483 2820 57)
1539 2753 1728 2818 reges
1774 2733 2104 2799 Medorum
4110 2726 4234 2787 258
4257 2724 4326 2804 37)

1251 3082 1333 3140 32)
1376 3083 1640 3130 Praeterea
1674 3081 1797 3129 anni
1834 3094 2008 3141 regum
2043 3080 2375 3128 Romanorum
2414 3095 2454 3127 c.
2500 3078 2583 3127 87.
2631 3078 2754 3141 106,
2810 3080 2929 3126 item
2979 3080 3240 3127 consulum
3289 3079 3696 3139 reliquorumque
3741 3087 4092 3137 eponymorum
4130 3086 4174 3120 c.
4220 3068 4335 3118 111.

1078 3169 1175 3219 112
1212 3169 1455 3230 descripti
1492 3174 1613 3216 sunt
1648 3181 1713 3215 ex
1749 3168 1894 3216 Rufio
1931 3167 2081 3215 Festo
2117 3168 2202 3228 ita,
2244 3171 2307 3214 ut
2341 3166 2401 3213 ad
2439 3167 2602 3227 ipsius
2638 3167 2802 3227 operis
2839 3165 3204 3224 chronologiam
3243 3179 3341 3213 non
3378 3166 3776 3227 applicarentur;
3828 3174 3978 3222 quam
4015 3160 4076 3207 ob
4111 3171 4218 3204 rem
4253 3169 4337 3203 eos

1030 3297 1034 3300 ⁴
1078 3256 1414 3318 praetermisi.

1246 3340 1329 3404 33)
1373 3342 1456 3391 Sic
1492 3340 1829 3400 Hieronymus
1866 3341 2021 3403 praef.
2063 3354 2113 3402 p.
2145 3337 2176 3387 8
2214 3344 2266 3386 et
2302 3340 2601 3402 posteriores
2636 3351 2826 3385 omnes.

1245 3428 1329 3491 34)
1372 3429 1580 3476 Numeri
1616 3428 1894 3488 incorrupti
1943 3432 2093 3485 sunt,
2146 3441 2262 3474 nam
2297 3428 2419 3474 anni
2458 3431 2694 3488 quattuor
2728 3426 3123 3486 patriarcharum
3160 3442 3202 3474 0.
3248 3425 3341 3473 10:
3383 3423 3622 3473 Arfaxath
3665 3423 3761 3473 135
3799 3427 3864 3484 -{-
3902 3421 4092 3470 001000
4133 3420 4230 3470 130
4269 3423 4334 3480 -1-

1075 3516 1187 3565 Sala
1227 3514 1322 3564 130
1361 3518 1426 3575 -1-
1464 3514 1634 3562 Ηο1101
1673 3512 1771 3562 130
1822 3527 2045 3562 summae
2081 3527 2124 3563 c.
2165 3513 2223 3561 9:
2284 3511 2383 3562 525
2439 3518 2573 3560 recte
2619 3512 2951 3574 respondent,
3004 3512 3374 3574 respondetque
3423 3513 3546 3558 item
3584 3524 3826 3559 numerus
3864 3507 3998 3558 3308
4035 3524 4079 3557 c.
4125 3505 4205 3556 11.
4269 3533 4338 3541 -

1075 3601 1267 3650 Cainan
1304 3601 1451 3660 alter,
1494 3613 1646 3662 quem
1684 3599 1890 3647 admisit
1924 3598 2181 3659 Iordanes,
2223 3605 2473 3661 comparet
2508 3599 2630 3646 item
2666 3600 2798 3660 apud
2836 3613 2942 3648 Lxx
2979 3600 3295 3661 interpretes,
3340 3603 3473 3646 certe
3509 3603 3568 3645 ut
3604 3611 3741 3645 nunc
3778 3598 4033 3656 leguntur,
4075 3595 4201 3643 Gen.
4250 3592 4329 3656 11,

1081 3687 1171 3750 12;
1225 3688 1361 3749 apud
1396 3687 1696 3747 Prospernm
1730 3699 1780 3746 p.
1818 3684 1916 3732 523
1955 3685 2130 3746 Ronc.,
2187 3687 2232 3732 si
2268 3686 2474 3746 quidem
2510 3685 2634 3732 haec
2668 3699 2784 3732 vere
2823 3685 3054 3748 Prosperi
3091 3691 3241 3746 sunt,
3293 3699 3393 3733 non
3429 3684 3827 3746 interpolatoris3
3879 3682 4013 3744 apud
4051 3680 4337 3740 Syncellum

1075 3789 1125 3835 p.
1170 3771 1301 3834 6173
1358 3774 1413 3819 in
1452 3770 1694 3819 Chronico
1732 3769 1959 3819 Paschali
1996 3786 2049 3833 p.
2090 3770 2185 3830 433
2226 3771 2359 3833 apud
2395 3772 2665 3820 Barbarum
2704 3771 2938 3831 Scaligeri
2974 3787 3026 3834 p.
3071 3772 3168 3820 179
3204 3772 3282 3820 ed.
3322 3771 3535 3820 Schoen.
3610 3785 3725 3818 eum
3761 3772 3933 3817 fictum
3970 3769 4031 3816 ad
4070 3767 4338 3828 tegendum

1076 3861 1243 3908 Lucae
1292 3858 1630 3918 evangelistae
1677 3857 1738 3904 de
1788 3857 2073 3917 genealogia
2110 3857 2294 3906 Christi
2345 3871 2560 3906 errorem
2610 3859 2890 3906 omiserunt
2934 3859 3112 3919 optimi
3159 3860 3346 3920 quique
3393 3862 3620 3906 auctores
3665 3862 3717 3904 et
3764 3871 3878 3904 cum
3927 3855 4011 3904 his
4059 3853 4331 3903 Eusebius.

1078 3945 1418 4006 Aegyptiacae
1454 3943 1723 3990 bibliorum
1757 3943 2159 4004 interpretationi
2196 3949 2389 3991 mature
2426 3944 2650 3992 insertus
2687 3945 2889 3992 videtur
2923 3958 3032 3992 esse
3071 3943 3303 4009 (Kuenen
3342 3944 3401 3993 dc
3437 3944 3675 3992 stambom
3711 3958 3812 3991 van
3846 3942 3942 3990 den
3964 3941 4338 4004 maaqrctiachen

1083 4032 1224 4079 Tele-st
1248 4030 1330 4077 des
1360 4030 1418 4079 0.
1459 4029 1759 4078 Testamenta
1795 4029 2185 4077 Amstelaedami
2217 4028 2345 4078 1873
2372 4045 2423 4092 p.
2456 4029 2564 4091 48),
2607 4030 2744 4078 tarde
2781 4045 2844 4077 ex
2883 4033 2996 4080 eius
3033 4032 3254 4092 regionis
3291 4031 3473 4079 scholis
3509 4035 3651 4078 extra
3686 4030 3972 4091 Aegyptum
4010 4031 4337 4090 propagatus3

1079 4122 1213 4164 certe
1264 4118 1354 4178 qni
1401 4130 1516 4163 eum
1566 4121 1845 4174 agnoscunt
1880 4119 2107 4163 auctores
2145 4121 2309 4164 sectae
2344 4116 2714 4164 Alexandrinae
2749 4130 2922 4163 omnes
2958 4131 3069 4164 0000
3104 4117 3309 4166 aliunde
3346 4131 3545 4179 quoque
3582 4121 3774 4165 constat
3808 4122 4007 4177 praeter
4043 4114 4340 4175 Prosperum

1080 4203 1374 4263 Prosperive
1409 4202 1819 4262 interpolatorem
1857 4206 2184 4262 nostrumque
2223 4202 2500 4250 Iordanem.
2577 4216 2725 4264 quam
2762 4204 2821 4250 ob
2859 4216 2962 4249 rem
2998 4203 3150 4251 etiam
3188 4203 3277 4250 hos
3315 4203 3439 4251 dnos
3475 4202 3729 4265 probabile
3766 4207 3844 4249 est
3880 4201 4168 4249 adhibuisse
4204 4213 4338 4247 com-

1080 4288 1322 4351 pendium
1360 4287 1558 4348 aliquod
1597 4286 2067 4350 chronographicum
2104 4292 2267 4336 sectae
2305 4289 2696 4337 Alexandrinae.
2735 4315 2805 4323 ——
2842 4288 3076 4338 Ceterum
3114 4303 3226 4337 cum
3265 4294 3317 4336 et
3352 4290 3406 4337 hi
3440 4303 3565 4351 quos
3601 4289 3887 4336 enumeravi
3925 4301 4098 4335 omnes
4135 4291 4186 4335 et
4221 4287 4339 4334 reli-

1081 4375 1169 4435 qui
1206 4378 1432 4422 auctores
1456 4373 1622 4421 Hebro
1658 4373 1781 4422 dent
1816 4387 1973 4422 annos
2010 4387 2222 4436 exitur,
2267 4387 2507 4422 numerus
2544 4387 2685 4421 cxxx
2722 4389 2854 4423 error
2889 4375 3088 4423 videtur
3123 4389 3232 4423 esse
3262 4375 3458 4423 Iordani
3494 4376 3746 4438 proprius:
3790 4389 3886 4436 quo
3922 4374 4184 4422 emendato
4221 4374 4341 4421 anni

1082 4462 1144 4507 ab
1180 4459 1335 4507 Adam
1374 4459 1435 4506 ad
1471 4460 1657 4507 Abram
1695 4465 1869 4507 natum
1909 4459 2213 4519 Syncelliani
2250 4459 2383 4509 3312
2427 4461 2496 4522 (p.
2533 4458 2643 4521 183)
2688 4461 2821 4522 apud
2858 4462 3116 4509 Iordanem
3154 4476 3352 4524 quoque
3388 4463 3590 4513 adsunt.

1257 4544 1338 4604 35)
1383 4546 1593 4593 Numeri
1644 4546 1947 4605 singulares:
1996 4545 2176 4594 Falech
2217 4545 2314 4595 130
2352 4550 2417 4607 -1-
2455 4547 2624 4606 Ragau
2667 4546 2762 4595 132
2802 4551 2864 4608 -Ι-
2905 4547 3091 4596 Sernch
3137 4547 3232 4597 130
3272 4551 3334 4609 -1-
3374 4549 3564 4596 Νο01101
3601 4547 3666 4597 79
3705 4552 3770 4609 -1-
3807 4548 3968 4595 Thara
4006 4547 4070 4595 70
4119 4559 4344 4594 summae

1082 4648 1125 4682 0.
1171 4631 1263 4680 10:
1309 4630 1405 4680 541
1461 4633 1582 4679 item
1632 4638 1763 4680 recte
1809 4633 2132 4694 respondent.
2203 4633 2361 4681 iidem
2397 4636 2597 4681 numeri
2631 4635 2966 4682 inveniuntur
3000 4636 3133 4696 apud
3170 4649 3276 4683 Lxx
3311 4638 3616 4696 interpretes
3651 4641 3702 4682 et
3738 4635 3790 4681 in
3829 4635 4083 4696 plerisque
4120 4633 4234 4680 aliis
4269 4633 4347 4680 la-

1085 4719 1320 4768 terculis:
1373 4719 1733 4767 observandum
1771 4724 1850 4768 est
1886 4732 2099 4767 errorem
2136 4720 2352 4768 Eusebii
2390 4720 2486 4769 vol.
2528 4722 2550 4768 I
2592 4735 2642 4782 p.
2685 4720 2751 4771 90
2793 4723 2911 4784 (000
2948 4722 3264 4771 librariorum
3300 4724 3429 4784 eius)
3471 4722 3638 4783 Ragau
3674 4722 3840 4769 dantis
3878 4736 3925 4770 a.
3966 4734 4138 4768 cxxxv
4176 4724 4346 4767 contra

1082 4807 1220 4867 ipsos
1257 4805 1567 4852 Eusebianos
1602 4806 1815 4854 calculos
1852 4807 1913 4853 ab
1950 4805 2160 4854 Iordane
2197 4810 2330 4854 recte
2366 4807 2563 4854 evitari.

1259 4889 1342 4950 36)
1388 4890 1453 4936 Hi
1490 4893 1684 4938 numeri
1722 4905 1835 4938 cum
1874 4893 2113 4953 descripti
2149 4893 2254 4940 sint
2289 4906 2354 4940 ex
2379 4892 2783 4952 Hieronymianis
2820 4899 2873 4942 et
2907 4909 3151 4943 summam
3189 4909 3389 4957 quoque
3427 4910 3668 4945 annornm
3700 4894 3830 4944 1240
3866 4897 3921 4958 (0.
3952 4895 4036 4956 49)
4077 4911 4141 4944 ex
4167 4898 4345 4944 Hiero-

1086 4989 1233 5035 nymo
1270 4976 1504 5025 Iordanes
1540 4976 1824 5039 adsciverit,
1868 4979 2063 5026 numeri
2100 4978 2190 5039 qui
2225 4978 2471 5026 differunt
2506 4979 2701 5026 scilicet
2737 4978 2818 5028 hi:

2600 5065 2930 5126 Hieronymus
2945 5082 2961 5112 .·
3140 5067 3380 5115 Iordanes
3391 5086 3407 5114 .-

2016 5165 2062 5198 0.
2109 5149 2171 5197 19
2207 5150 2534 5199 Armamitres
2743 5150 2808 5200 38
3224 5154 3291 5202 35

2015 5250 2058 5284 0.
2101 5230 2166 5283 25
2204 5236 2455 5297 Sphaerus
2748 5237 2814 5287 20
3229 5239 3296 5288 30

2015 5335 2058 5370 0.
2100 5320 2165 5369 32
2201 5321 2496 5384 Lamprides
2746 5322 2810 5372 32
3225 5325 3289 5374 37

2017 5421 2061 5454 0.
2105 5405 2167 5454 37
2206 5408 2485 5456 Mithraeus
2740 5408 2803 5457 27
3226 5411 3291 5460 29

1088 5505 1274 5540 0110100
1310 5493 1415 5539 sint
1451 5505 1657 5542 necesse
1693 5498 1771 5540 est
1806 5493 1912 5540 sive
1950 5493 2262 5540 librariorum
2300 5496 2409 5542 sive
2445 5497 2659 5543 auctoris
2695 5496 2880 5557 ipsius.
2961 5512 3157 5545 summa
3197 5505 3366 5547 autem
3404 5500 3490 5546 illa
3524 5515 3766 5549 annorum
3812 5500 3939 5552 1240
3977 5518 4090 5552 cum
4126 5520 4349 5567 compre-

1089 5579 1276 5627 hendat
1310 5591 1466 5625 annos
1506 5579 1624 5626 Nini
1660 5579 1845 5640 primos
1882 5592 2012 5638 un,
2052 5579 2100 5626 ei
2139 5581 2496 5629 substituimus
2533 5596 2642 5630 eam
2680 5597 2828 5643 quam
2867 5585 2923 5631 in
2960 5590 3191 5645 computo
3228 5586 3562 5645 Hieronymus
3599 5589 3782 5649 posuit.

1264 5662 1344 5724 37)
1390 5665 1600 5712 Numeri
1637 5678 1809 5723 regum
1846 5665 2154 5724 singulorum
2193 5668 2257 5713 ab
2283 5667 2690 5727 Hieronymianis
2728 5683 2828 5716 non
2865 5670 3110 5719 differunt
3145 5673 3246 5719 nisi
3282 5673 3411 5733 quod
3437 5673 3659 5722 Phraorti
3685 5689 3729 5722 0.
3759 5675 3824 5723 55
3861 5679 3980 5724 anni
4016 5678 4201 5728 dantur
4235 5695 4351 5730 xxu

1090 5763 1178 5812 pro
1215 5763 1374 5809 xxm,
1415 5750 1549 5812 quod
1587 5751 1795 5811 retinui,
1839 5764 1952 5798 cum
1991 5753 2142 5800 etiam
2180 5767 2375 5803 summa
2411 5768 2651 5802 annorum
2691 5768 2884 5805 comm
2922 5771 3021 5805 uno
3058 5759 3216 5807 minor
3253 5759 3324 5807 sit
3358 5759 3764 5821 Hieronymiana.
