4882 6775
1094 473 1314 538 XXIV
2496 462 2954 519 PROOEMIVM.

1097 696 1310 761 minus
1371 693 1703 777 inquinata
1762 699 1862 758 est
1918 712 2108 775 quam
2165 711 2331 773 quae
2391 696 2726 775 praeterea
2769 687 2942 773 apud
2988 708 3133 753 eum
3181 687 3501 770 leguntur.
3597 707 3637 750 a
3681 684 3934 751 devicta
3978 684 4355 751 Macedonia

1098 815 1251 880 inde
1281 813 1591 879 Iordanes
1621 835 1662 878 a
1690 815 1880 879 Floro
1910 812 1995 877 ad
2023 812 2277 877 Rufium
2310 831 2380 876 se
2414 809 2746 893 convertit,
2800 808 2917 876 sed
2961 816 3034 874 ut
3076 815 3141 873 et
3182 807 3538 891 insigniora
3582 807 3922 889 quaedam,
3979 805 4354 871 Galatarum

1101 936 1169 999 in
1213 935 1375 999 Asia
1418 954 1561 999 cum
1608 933 1912 999 Romanis
1958 932 2265 1017 proelium
2315 932 2478 996 duce
2523 930 2763 996 Manlio
2817 932 2894 1012 (c.
2946 931 3134 1012 224),
3200 927 3576 993 Parthorum
3624 926 3705 992 de
3751 927 3985 992 Crasso
4029 925 4356 991 victoriam

1115 1058 1189 1138 (c.
1235 1059 1381 1120 236.
1436 1056 1610 1136 237),
1666 1052 1931 1119 Antonii
1977 1059 2043 1117 et
2087 1053 2472 1137 Cleopatrae
2516 1051 2841 1117 interitum
2897 1051 2970 1132 (c.
3024 1050 3417 1129 251—254),
3470 1047 3701 1112 laudes
3746 1047 4020 1132 Augusti
4077 1046 4152 1126 (c.
4204 1049 4346 1127 2553:

1106 1182 1365 1260 propter
1408 1173 1854 1239 admirabilem
1899 1172 2436 1257 pulchritudinem
2485 1172 2795 1237 Rufianae
2842 1170 3114 1237 exilitati
3162 1169 3578 1235 substitueret
3607 1174 3689 1249 et,
3745 1176 4041 1252 utsupra
4083 1169 4165 1252 (p.
4201 1165 4351 1243 XII>

1111 1295 1266 1378 dixi,
1320 1315 1423 1359 res
1469 1293 1749 1378 Illyrici,
1802 1314 2070 1376 quarum
2114 1292 2374 1358 Iordani
2420 1293 2772 1378 praecipua
2816 1312 2969 1356 cura
3015 1298 3168 1371 erat,
3223 1297 3559 1375 postquam
3606 1287 3692 1353 ad
3738 1288 3989 1353 Rufium
4037 1285 4363 1353 enarravit

1123 1419 1197 1497 (c.
1251 1418 1657 1497 214-221),
1724 1413 1934 1478 denuo
1979 1433 2037 1477 c.
2091 1390 2429 1477 241-248
2490 1412 2575 1477 ad
2622 1412 2883 1477 Florum
2944 1418 3260 1496 repeteret
3319 1410 3538 1475 addito
3601 1417 3938 1494 praeterea
3981 1407 4364 1472 narrationis

1115 1535 1425 1599 Rufianae
1470 1535 1915 1619 supplemento
1961 1533 2043 1598 de
2074 1532 2477 1598 Marmaridis
2515 1541 2579 1598 et
2608 1532 3109 1597 Garamantibus
3155 1532 3221 1596 in
3252 1531 3473 1596 Africa
3528 1533 3603 1613 (c.
3641 1532 3818 1610 249).
3869 1568 3953 1576 -
3997 1529 4177 1593 Haec
4222 1547 4363 1591 cum

1115 1654 1405 1720 condicio
1450 1655 1537 1720 sit
1579 1661 2017 1738 excerptorum
2064 1654 2503 1718 Florianorum
2550 1652 2726 1737 apud
2770 1652 3142 1735 Iordanem,
3197 1673 3277 1717 ea
3322 1659 3638 1733 quatenus
3683 1650 4064 1735 perveniunt
4107 1649 4364 1714 Florum

1118 1775 1329 1840 edenti
1378 1775 1618 1839 codicis
1661 1774 1864 1840 instar
1909 1782 2059 1840 sunt
2102 1774 2367 1856 eiusque
2415 1774 2604 1856 longe
2650 1772 2892 1857 optimi,
2946 1773 3012 1838 id
3052 1772 3219 1856 quod
3251 1779 3419 1837 reete
3451 1771 3770 1837 intellexit
3799 1778 3863 1836 et
3893 1771 4149 1836 Florum
4183 1790 4366 1834 suum

1122 1902 1192 1959 ut
1248 1895 1398 1960 aliis
1458 1895 1764 1960 subsidiis
1819 1895 1912 1959 ita
1954 1894 2250 1960 Iordanis
2311 1893 2554 1958 auxilio
2613 1893 2873 1977 egregie
2934 1892 3305 1958 reformavit
3348 1892 3494 1958 Otto
3538 1892 3700 1956 Iahn
3759 1892 4003 1957 amicus
4047 1890 4366 1974 quondam

1123 2034 1305 2079 meus
1362 2015 1981 2098 praestantissimus»,
2054 2015 2236 2080 cuius
2295 2021 2428 2080 tum
2492 2034 2632 2079 cum
2692 2034 2768 2079 eo
2825 2013 2980 2078 mihi
3040 2013 3392 2079 communis
3451 2012 3691 2077 laboris
3735 2020 3919 2095 grata
3979 2033 4102 2077 non
4160 2012 4372 2077 minus

1122 2155 1315 2216 quam
1361 2135 1654 2200 luctuosa
1697 2135 2056 2201 recordatio
2100 2135 2289 2200 hodie
2336 2135 2621 2200 animum
2668 2134 2861 2199 subit.
2941 2140 3003 2199 et
3046 2133 3340 2199 adhibuit
3380 2131 3644 2197 Iahnius
3690 2153 3815 2196 non
3852 2132 4190 2199 Iordanem
4236 2131 4375 2197 edi-

1123 2261 1259 2319 tum
1319 2262 1517 2319 totum
1565 2263 1963 2340 corruptum,
2034 2255 2149 2320 sed
2209 2276 2290 2320 ex
2348 2254 2531 2319 libris
2591 2273 2751 2336 quos
2808 2254 3006 2318 habui
3064 2252 3685 2339 praestantissimum
3731 2253 4366 2336 Heidelbergensem,

1130 2374 1299 2439 unde
1345 2375 1579 2441 factum
1629 2383 1761 2457 est,
1815 2383 1884 2440 ut
1929 2397 2008 2441 ex
2053 2375 2176 2440 hac
2219 2396 2364 2440 mea
2409 2373 2701 2438 Iordanis
2745 2374 3113 2440 recensione
3158 2374 3243 2439 ad
3287 2374 3462 2438 Flori
3508 2372 3700 2439 crisin
3745 2375 3895 2440 novi
3937 2395 4063 2439 non
4109 2375 4374 2439 multum

1130 2494 1417 2560 accedat.
1536 2496 1736 2561 nihilo
1794 2495 2007 2560 minus
2064 2496 2241 2560 Flori
2301 2496 2496 2560 libros
2557 2495 2767 2559 denuo
2826 2495 3308 2577 recognoscenti
3365 2515 3491 2560 non
3550 2493 3841 2560 inutilem
3901 2515 4044 2560 eam
4101 2495 4376 2560 futuram

1133 2633 1278 2678 esse
1324 2615 1643 2680 existimo.
1737 2636 1884 2680 nam
1931 2624 2000 2680 ut
2051 2623 2545 2680 consentaneum
2606 2623 2704 2681 est
2762 2614 2843 2679 de
2902 2614 3175 2679 lectione
3221 2614 3511 2679 Iordanis
3568 2615 3699 2679 iam
3760 2615 3940 2679 libris
3999 2616 4138 2681 eius
4194 2617 4382 2700 plene

1136 2736 1425 2799 excussis
1480 2736 1690 2818 magis
1735 2742 2026 2800 constare
2072 2756 2264 2816 quam
2309 2736 2535 2800 Iahnio
2581 2743 2871 2801 constare
2917 2734 3152 2819 potuit,
3221 2735 3311 2799 ita
3353 2735 3410 2799 is
3457 2754 3532 2799 eo
3576 2735 3832 2800 nomine
3878 2737 4146 2815 erravit,
4216 2736 4385 2817 quod

1136 2862 1392 2938 praeter
1436 2856 2049 2936 Heidelbergensem
2100 2856 2547 2921 Monacensem
2596 2876 2847 2939 quoque
2892 2854 3368 2938 Pollingensem
3425 2858 3496 2937 (P
3534 2855 3764 2935 Iahnii)
3833 2876 3958 2921 non
4019 2858 4224 2921 solum
4270 2857 4388 2922 ad-

1129 2978 1367 3059 hibuit,
1440 2975 1557 3041 sed
1615 2976 1808 3041 etiam
1856 2976 2393 3061 Heidelbergensi
2445 2976 2911 3059 quodammodo
2955 2975 3430 3061 aequiparavit,
3500 2996 3644 3040 cum
3692 2975 3775 3042 sit
3819 2984 4008 3042 notae
4055 2977 4387 3043 deterioris

1142 3117 1350 3180 neque
1396 3097 1597 3161 ullum
1645 3097 1853 3161 locum
1898 3096 1965 3160 in
2012 3097 2160 3161 crisi
2203 3104 2445 3163 teneat.
2539 3096 2655 3162 sed
2713 3096 2923 3181 ipsum
2968 3116 3220 3178 quoque
3266 3097 3347 3161 de
3393 3096 3712 3161 Florianis
3757 3097 4052 3162 Iordanis
4096 3097 4400 3163 iudicium

1141 3219 1547 3301 aliquatenus
1612 3216 2084 3281 reformandum
2146 3226 2266 3282 est.
2362 3216 2612 3282 scilicet
2667 3236 2809 3281 cum
2855 3215 3028 3281 Flori
3087 3215 3272 3280 crisis
3315 3215 3623 3282 innitatur
3667 3217 3848 3283 libris
3894 3217 4145 3283 duobus
4191 3218 4408 3282 Naza-

1143 3338 1322 3404 riano
1366 3337 1558 3404 hodie
1591 3337 2126 3422 Heidelbergensi
2167 3345 2231 3404 et
2263 3337 2746 3420 Bambergensi,
2797 3336 2842 3401 ii
2889 3336 2999 3403 ubi
3047 3335 3403 3419 discedunt,
3458 3337 3767 3404 Iordanes
3811 3338 4185 3422 plerumque
4232 3338 4406 3405 litem

1144 3461 1238 3525 ita
1284 3458 1556 3537 dirimit,
1629 3465 1698 3523 ut
1741 3459 1927 3523 alteri
1973 3460 2096 3524 utri
2146 3460 2462 3524 calculum
2509 3459 2738 3539 addat,
2801 3457 3310 3540 crediderimque
3354 3457 3525 3522 iusto
3573 3459 3832 3543 saepius
3878 3458 4155 3524 editores
4201 3479 4408 3525 reces-

1149 3580 1312 3644 sisse
1372 3599 1413 3642 a
1472 3598 1791 3644 consensu
1833 3578 2126 3644 Iordanis
2188 3600 2331 3644 cum
2376 3579 2580 3644 altero
2626 3584 2764 3643 utro
2809 3578 2983 3642 Flori
3030 3577 3213 3643 libro.
3309 3577 3424 3643 sed
3469 3586 3683 3643 tamen
3731 3598 4077 3644 consensus
4122 3579 4412 3646 Iordanis

1152 3721 1295 3765 cum
1354 3699 1556 3764 altero
1618 3705 1756 3763 utro
1817 3699 2035 3764 codice
2096 3720 2221 3764 non
2275 3699 2548 3764 eandem
2594 3698 2722 3764 vim
2768 3700 2985 3764 habet.
3082 3717 3236 3763 usus
3282 3706 3381 3763 est
3425 3698 3630 3780 enim,
3699 3706 3769 3764 ut
3812 3689 4047 3783 optime
4093 3700 4416 3766 intellexit

1154 3819 1454 3900 Iahnius,
1517 3818 1678 3883 libro
1725 3819 2224 3901 Bambergensis
2274 3819 2634 3901 simillime,
2705 3818 3062 3901 antiquiore
3109 3837 3263 3883 sane
3309 3838 3385 3884 eo
3432 3819 3708 3884 saeculis
3755 3841 3880 3885 non
3925 3821 4152 3904 paucis
4197 3827 4262 3886 et
4304 3842 4417 3906 pro

1157 3946 1370 4005 aetate
1427 3937 1897 4018 emendatiore,
1969 3939 2085 4004 sed
2145 3937 2297 4004 item
2353 3935 2688 4021 inquinato
2749 3938 3001 4005 mendis
3062 3960 3204 4004 cum
3257 3939 3397 4004 solo
3441 3939 3904 4022 Bambergensi
3951 3942 4411 4006 communibus.

1163 4059 1305 4142 loci,
1361 4058 1468 4124 ubi
1514 4058 1821 4124 Iordanes
1867 4065 1933 4124 et
1974 4060 2478 4142 Bambergensis
2523 4059 2700 4126 Flori
2745 4067 2962 4125 contra
3007 4059 3438 4124 Nazarianum
3483 4059 3550 4123 in
3595 4059 3781 4124 falsis
3828 4062 4229 4127 consentiunt
4275 4070 4422 4126 sunt

1165 4182 1332 4245 inter
1375 4179 1538 4243 alios
1583 4179 1753 4242 Flor.
1812 4183 1865 4258 1,
1923 4183 1983 4262 3,
2038 4185 2075 4240 5
2124 4209 2206 4234 =
2251 4179 2423 4244 Iord.
2475 4201 2539 4265 p.
2599 4183 2694 4260 12,
2753 4182 2819 4261 3,
2886 4178 2996 4245 ubi
3041 4199 3154 4264 pro
3200 4185 3463 4243 citavere
3509 4182 3665 4263 leqes
3710 4183 3885 4261 nefas
3931 4182 4281 4248 Nazariani
4324 4183 4421 4247 illi

1167 4300 1559 4365 substituunt
1602 4309 1671 4362 ut
1714 4301 1971 4362 auderet
2014 4302 2168 4382 [eyes
2213 4301 2387 4382 nefas
2432 4299 2625 4383 plane
2667 4299 2978 4385 ineptum,
3031 4299 3184 4365 item
3216 4301 3385 4365 Flor.
3425 4304 3486 4381 2,
3528 4302 3587 4382 7,
3634 4304 3709 4364 10
3741 4330 3826 4355 =
3857 4301 4028 4367 Iord.
4064 4326 4130 4388 p.
4167 4307 4269 4384 26,
4313 4307 4416 4387 31,

1173 4420 1281 4486 ubi
1327 4421 1556 4485 Florus
1601 4419 1857 4504 scripsit
1900 4419 2125 4500 Aoum,
2193 4420 2595 4485 Nazarianus
2640 4419 2836 4485 habet
2879 4422 3022 4482 (lum
3069 4421 3297 4486 leviter
3341 4427 3735 4505 corruptum,
3806 4423 4303 4506 Bambergensis
4363 4430 4427 4489 et

1174 4540 1482 4606 Iordanes
1544 4540 1877 4605 lectionem
1938 4540 2385 4623 interpolatam
2435 4542 2750 4635 Sa(v)3em.
2846 4561 2881 4605 e
2926 4540 3238 4605 contrario
3285 4562 3530 4607 errores
3575 4543 3641 4607 in
3686 4544 4051 4610 Nazariano
4106 4544 4427 4610 admissos

1176 4661 1326 4726 item
1374 4659 1550 4746 apud
1596 4661 1930 4725 Iordanem
1978 4659 2184 4725 redire
2230 4660 2497 4726 Iahnius
2541 4683 2606 4746 p.
2651 4661 2813 4726 XIII
2860 4661 2913 4726 si
2961 4661 3116 4743 quid
3160 4661 3346 4727 video
3391 4683 3518 4728 non
3562 4671 3732 4728 recte
3779 4665 4138 4746 contendit,
4207 4673 4276 4730 ut
4319 4666 4428 4730 ubi

1180 4781 1582 4847 consentiant
1622 4781 1792 4848 inter
1836 4800 1905 4845 se
1938 4781 2245 4847 Iordanes
2275 4787 2339 4846 et
2368 4781 2789 4862 Nazarianus,
2844 4782 3340 4864 Bambergensis
3384 4783 3575 4848 lectio
3619 4785 3993 4851 auctoritate
4023 4785 4427 4852 destituatur.

1180 4922 1298 4967 nec
1356 4903 1601 4985 magis,
1666 4902 1732 4966 ni
1794 4901 2019 4984 fallor,
2085 4902 2209 4967 loci
2266 4901 2707 4982 inveniuntur,
2777 4902 2883 4967 ubi
2926 4903 3098 4969 Flori
3159 4903 3305 4968 libri
3364 4904 3489 4969 duo
3546 4905 3612 4970 in
3658 4905 3827 4970 falsa
3883 4907 4102 4989 aliqua
4160 4907 4433 4972 lectione

1184 5022 1479 5105 graviore
1525 5021 1889 5105 conspirent
1934 5029 2152 5087 contra
2193 5022 2530 5087 Iordanem
2550 5026 2652 5104 53),
2714 5043 2857 5088 cum
2902 5023 3118 5088 adsint
3163 5025 3371 5108 pauci,
3424 5024 3534 5089 ubi
3579 5045 3732 5091 vera
3776 5027 3963 5092 lectio
4008 5028 4181 5112 apud
4227 5029 4434 5094 solum

1187 5141 1523 5206 Iordanem
1568 5141 1889 5207 invenitur
1932 5142 2186 5208 diverse
2231 5149 2527 5228 corrupta
2570 5143 2745 5228 apud
2789 5144 3080 5224 Florum,
3151 5151 3220 5210 ut
3262 5146 3434 5210 Flor.
3478 5150 3532 5226 1,
3572 5151 3632 5227 5,
3673 5149 3711 5209 2
3758 5176 3841 5202 =
3887 5148 4056 5213 Iord.
4107 5170 4170 5234 p.
4216 5153 4315 5233 12,
4362 5152 4435 5212 19

1370 5419 1453 5482 53)
1498 5422 1618 5468 Nam
1656 5421 2002 5469 huiuscemodi
2041 5435 2316 5469 consensus
2354 5423 2585 5482 exempla
2621 5436 2748 5484 qnae
2783 5423 2990 5471 Iahnius
3025 5425 3183 5485 praef.
3227 5440 3276 5486 p.
3309 5423 3430 5472 VIII
3469 5425 3744 5487 composuit
3780 5434 3867 5474 aut
3902 5427 4020 5474 talia
4057 5435 4205 5490 sunt,
4254 5436 4310 5477 ut
4345 5429 4443 5478 duo

1196 5507 1386 5555 librarii
1424 5507 1565 5554 facile
1603 5508 1655 5554 in
1693 5509 1908 5555 eundem
1946 5522 2157 5556 errorem
2195 5523 2286 5555 sua
2323 5514 2504 5570 sponte
2540 5509 2760 5556 incidere
2796 5512 3070 5571 potuerint,
3114 5517 3171 5559 ut
3207 5511 3337 5559 Flor.
3385 5511 3429 5572 i,
3472 5511 3518 5571 7,
3563 5511 3593 5558 9
3629 5514 3943 5561 molientibus
3985 5515 4079 5574 (vel
4118 5516 4434 5578 moventibus)

1194 5593 1354 5640 aedem
1392 5614 1453 5635 =
1496 5594 1622 5640 iord.
1668 5607 1716 5653 p.
1762 5591 1843 5653 13,
1885 5593 1952 5641 20
1987 5594 2299 5643 molientibus
2337 5594 2499 5652 ειὶεηις
2541 5596 2667 5645 Flor.
2715 5594 2757 5656 1,
2800 5595 2848 5656 9,
2894 5596 2924 5644 2
2959 5612 3154 5644 annum
3191 5618 3253 5642 =--
3293 5598 3421 5647 Iord.
3464 5612 3516 5659 p.
3553 5596 3631 5658 14,
3666 5596 3728 5647 14
3766 5614 4012 5661 annuum,
4053 5607 4142 5649 aut
4177 5603 4330 5664 salsa,
4373 5604 4443 5650 ita

1200 5679 1325 5727 Flor.
1375 5679 1420 5738 1,
1464 5679 1512 5739 ἵ,
1554 5678 1584 5725 8
1625 5700 1685 5720 =
1725 5680 1852 5729 lord.
1893 5693 1942 5739 p.
1976 5679 2054 5740 13,
2105 5680 2164 5728 18
2200 5695 2276 5728 res
2313 5687 2371 5729 ut
2408 5683 2459 5727 in
2501 5683 2671 5729 Bamb.
2714 5689 2764 5730 et
2800 5683 2918 5730 Naz.
2963 5683 3032 5729 ita
3069 5683 3198 5743 apud
3239 5684 3495 5730 Iordanem
3531 5698 3730 5746 quoque
3769 5687 3952 5745 legitur
3986 5689 4187 5735 omnino
4225 5691 4446 5736 retinen-

1198 5766 1347 5824 dum,
1390 5765 1697 5813 reiciendum
1735 5772 1900 5813 autem
1938 5782 2022 5813 rex
2058 5768 2188 5828 quod
2227 5781 2290 5814 ex
2329 5769 2575 5817 deteriore
2611 5770 2820 5829 quodam
2858 5770 2983 5818 libro
3021 5770 3245 5817 Iordanis
3285 5771 3489 5818 Iahnius
3526 5772 3753 5820 adscivit.
