4882 6775
1904 469 2362 526 PROOEMIVM.
3607 469 3757 534 LXI

685 693 1247 758 VINDOBONENS1S
1291 714 1353 758 n.
1409 696 1574 758 3129
1629 694 1800 777 (olim
1846 695 2357 777 Salisburgensis
2400 715 2466 760 ιι.
2520 695 2663 773 336)
2729 693 2932 759 chart.
2983 712 3151 759 saec.
3205 693 3324 759 XV
3391 693 3759 776 (Endlicher

509 834 573 877 n.
627 813 772 896 408)
827 832 971 879 cum
1016 812 1530 880 adnotationibus
1574 814 1712 880 Ioh.
1750 814 2158 881 Hinderbach
2206 813 2491 901 episcopi
2537 813 2895 880 Tridentini
2947 815 3416 898 (1465-1486)
3468 813 3590 879 fuit
3632 814 3756 880 ali-

510 931 763 1015 quando
794 933 1086 999 Tridenti
1126 933 1195 998 in
1241 934 1565 1019 episcopio
1606 935 1686 1017 (v.
1726 935 2059 1020 catalogus
2102 936 2531 1002 bibliothecae
2577 934 2716 1002 eius
2745 931 3018 1018 scriptus
3045 935 3129 999 ab
3158 933 3299 999 Ioh.
3334 934 3491 1000 Ben.
3531 933 3756 1000 Genti-

511 1053 689 1119 lottio
734 1053 945 1119 editus
990 1055 1164 1139 apud
1209 1054 1569 1120 Bonellium
1611 1055 1680 1120 in
1726 1055 2151 1123 monumentis
2196 1056 2511 1122 ecclesiae
2555 1054 2971 1120 Tridentinae
3016 1056 3145 1121 vol.
3180 1055 3280 1119 III
3324 1060 3486 1139 part.
3524 1058 3563 1118 2
3609 1055 3755 1121 Tri-

511 1172 689 1239 denti
731 1194 794 1239 a.
851 1177 1011 1239 1765
1059 1196 1125 1259 p.
1177 1177 1303 1240 382
1347 1196 1412 1240 n.
1463 1179 1606 1260 86);
1661 1176 1939 1243 continet
1980 1175 2273 1242 Iordanis
2316 1177 2624 1258 Romana,
2675 1174 3008 1241 historiam
3052 1174 3410 1261 Apollonii,
3461 1175 3754 1241 Iordanis

514 1293 763 1361 Getica.
845 1292 1174 1361 derivatus
1219 1302 1318 1362 est
1359 1315 1440 1361 ex
1484 1295 1733 1362 eodem.

678 1415 1239 1482 vaOBONENSIs
1298 1436 1362 1480 n.
1416 1420 1580 1481 3177
1638 1418 1850 1501 (antea
1907 1415 2057 1484 hist.
2125 1418 2281 1485 eccl.
2335 1418 2468 1502 75),
2534 1415 2807 1502 scriptus
2851 1436 2912 1480 a.
2970 1420 3152 1498 1501,
3217 1415 3342 1482 fuit
3396 1415 3551 1482 item
3605 1416 3744 1482 Ioh.

507 1535 720 1601 Fabri.
817 1535 1093 1603 continet
1134 1537 1450 1603 Victorem
1494 1537 1858 1621 vitensem‚
1926 1538 2109 1604 Pauli
2157 1536 2490 1603 historiam
2535 1535 3105 1621 Langobardicam,
3156 1535 3450 1603 Iordanis
3495 1536 3743 1621 Getica,

508 1656 887 1723 Callimachi
933 1656 1225 1723 Attilam.
1318 1657 1472 1724 item
1517 1657 1877 1745 descriptus
1921 1680 2001 1725 ex
2047 1658 2292 1725 eodem.

678 1777 1118 1843 MONACENsls
1182 1781 1388 1843 14506
1434 1778 1599 1844 -olim
1658 1781 2196 1845 RATISBONENSIS
2253 1779 2321 1845 S.
2383 1777 2774 1844 Emmerami
2843 1777 2895 1841 F
2955 1782 2993 1841 9
3054 1779 3319 1845 membr.
3382 1797 3553 1844 saec.
3617 1778 3749 1843 XII

507 1903 762 1982 praeter
805 1897 938 1963 alia
981 1884 1226 1964 minora
1271 1898 1551 1966 continet
1601 1901 1996 1985 ‘excerptum
2042 1921 2124 1966 ex
2165 1899 2431 1966 historia
2475 1897 2756 1964 Gallica’
2813 1897 2883 1964 id
2926 1898 3006 1964 de
3050 1919 3173 1982 quo
3218 1897 3407 1965 modo
3467 1897 3748 1965 diximus

506 2023 568 2084 et
609 2017 901 2084 Iordanis
944 2019 1267 2103 Romana,
1334 2040 1499 2103 quae
1557 2019 1861 2086 deficiunt
1902 2042 1965 2106 p.
2023 2025 2122 2104 15,
2181 2023 2259 2085 19
2317 2019 2385 2084 in
2444 2019 2657 2086 verbis
2709 2021 2865 2103 proh
2922 2021 3123 2103 pudor
3186 2023 3307 2085 uic.
3417 2018 3750 2087 descendit

504 2138 642 2205 sine
689 2137 882 2205 dubio
929 2159 1011 2205 ex
1054 2139 1273 2206 codice
1316 2140 1794 2207 vindobonensi
1837 2142 1986 2206 203.

673 2260 1100 2337 PRESSBVRGI
1171 2261 1348 2346 apud
1407 2260 1772 2346 Capucinos
1842 2261 1952 2345 qui
2016 2260 2139 2327 fuit
2193 2260 2356 2327 liber
2413 2261 2612 2327 chart.
2679 2279 2849 2326 saec.
2912 2260 3052 2344 XV,
3119 2266 3310 2327 antea
3366 2260 3746 2328 Theoderici

502 2380 746 2446 Vlsenii
790 2379 1025 2447 medici
1068 2380 1455 2466 Augustani,
1507 2382 1838 2448 continens
1881 2381 2174 2448 Iordanis
2220 2380 2484 2465 Getica,
2536 2380 2833 2467 Prosperi
2893 2381 3264 2463 chronicon,
3317 2386 3618 2466 excerpta
3661 2402 3742 2447 ex

499 2500 781 2568 Historia
828 2501 1152 2585 miscella,
1205 2501 1490 2568 carmina
1534 2501 1852 2586 quaedam
1894 2502 2176 2585 Vlsenii,
2228 2522 2373 2567 eum
2418 2522 2476 2568 c.
2527 2522 2589 2567 a.
2636 2504 2794 2566 1824
2840 2499 3188 2567 Endlicher
3228 2500 3744 2567 vindobonensis

501 2622 786 2706 contulit,
838 2641 1027 2705 quam
1074 2622 1478 2690 collationem
1509 2622 1886 2690 Theodorus
1915 2622 2205 2708 KaraJan
2250 2642 2393 2688 cum
2422 2623 2822 2689 Bethmanno
2866 2620 3378 2687 communicavit.
3459 2620 3746 2706 descrip-

501 2749 602 2809 tus
647 2750 747 2810 est
791 2742 930 2810 sine
981 2743 1176 2811 dubio
1221 2765 1302 2811 ex
1346 2743 1828 2810 vindobonensi
1871 2766 1936 2811 n.
1990 2747 2138 2827 203,
2189 2765 2338 2810 nam
2383 2742 2823 2828 dittographia
2867 2741 3154 2809 secunda
3196 2763 3262 2827 p.
3316 2746 3417 2824 60,
3473 2746 3510 2805 5
3568 2740 3744 2827 apud

499 2883 642 2929 eum
688 2862 872 2929 redit.
2636 2951 2654 2963 ἢ

670 2984 1089 3051 ΟΧΟΝΙΕΝΒΙΒ
1119 2984 1554 3051 Dorvillianus
1584 2985 1668 3069 X,
1712 2990 1770 3069 1,
1811 2989 1868 3067 3,
1909 2986 1989 3050 38
2037 2986 2236 3051 chart.
2275 3004 2448 3052 saec.
2483 2984 2604 3050 XV
2649 2984 2942 3051 exeuntis
2988 2983 3268 3051 continet
3309 2983 3496 3050 Pauli
3540 2981 3745 3048 histo-

501 3103 658 3169 riam
704 3104 1268 3189 Langobardorum
1318 3112 1383 3171 et
1423 3105 1714 3171 Iordanis
1759 3104 2009 3171 Getica.
2104 3105 2464 3191 descriptus
2507 3104 2762 3173 videtur
2805 3124 2948 3172 esse
2993 3126 3118 3171 non
3177 3125 3257 3172 ex
3314 3105 3455 3190 ipso
3499 3103 3743 3170 vindo-

497 3224 765 3291 bonensi
811 3228 958 3309 203,
1026 3224 1142 3292 sed
1201 3245 1282 3292 ex
1326 3226 1676 3311 archetypo
1721 3225 1896 3292 eius:
1949 3225 2525 3312 dittographiarum
2570 3247 2636 3311 p.
2690 3229 2794 3308 60,
2846 3230 2884 3289 5
2931 3226 3206 3311 priorem
3248 3225 3446 3291 habet
3485 3224 3741 3291 inverso

497 3344 716 3413 ordine
769 3345 1097 3430 (yermanis
1141 3350 1463 3430 romanis),
1515 3346 1583 3412 in
1628 3347 1834 3413 altera
1878 3346 2036 3431 legit
2080 3348 2334 3431 infestae
2378 3351 2641 3412 saeuitia
2680 3367 2925 3431 puynae
2978 3346 3218 3414 omissa
3274 3345 3548 3413 lectione
3605 3344 3741 3432 pri-

498 3467 719 3534 maria.
816 3466 1081 3534 contulit
1123 3467 1308 3533 nobis
1352 3468 1428 3532 R.
1481 3467 1667 3533 Pauli
1712 3487 1766 3533 c.
1827 3472 2008 3532 1—7.
2064 3473 2167 3533 60.
2220 3468 2548 3535 omisimus
2593 3474 2814 3534 totum.

668 3588 1229 3654 VmDOBONENSls
1262 3589 1429 3653 3416
1468 3588 1682 3671 (antea
1709 3587 1861 3653 hist.
1908 3587 2071 3673 prof.
2109 3591 2258 3674 452)
2296 3588 2496 3655 chart.
2535 3608 2705 3655 saec.
2743 3588 2882 3670 XV,
2935 3593 3128 3654 antea
3157 3586 3462 3653 Iohannis
3491 3586 3741 3654 Fuchs-

498 3728 731 3792 magen
782 3709 844 3792 (ἤ-
892 3710 1107 3792 1499),
1187 3708 1421 3776 deinde
1467 3708 1867 3794 cuspiniani.
1961 3716 2216 3794 praeter
2259 3709 2829 3795 chronographum
2874 3730 2934 3775 a.
2989 3709 3111 3774 354
3174 3708 3451 3776 continet
3505 3708 3741 3794 scripta

496 3850 690 3895 manu
734 3828 992 3896 diversa
1019 3827 1393 3896 Kadlubeki
1437 3828 1734 3897 chronica
1763 3830 2140 3896 Polonorum
2187 3836 2251 3897 et
2293 3830 2587 3896 Iordanis
2618 3829 2846 3897 Getica
2889 3830 2955 3894 in
2986 3829 3114 3896 fine
3152 3828 3380 3896 mutila
3418 3828 3743 3915 (deficiunt

497 3971 561 4035 p.
621 3951 761 4033 138,
815 3952 851 4015 8
897 3950 1071 4014 urbis
1116 3951 1405 4035 aufuyit).
1500 3949 1581 4015 de
1639 3970 1715 4016 eo
1774 3949 2070 4017 similiter
2123 3949 2541 4017 iudicandum
2605 3957 2705 4016 est
2761 3957 2955 4034 atque
3010 3939 3092 4016 de
3148 3951 3498 4017 Oxoniensi
3551 3949 3739 4016 modo

495 4070 698 4137 dicto:
755 4090 836 4137 ex
876 4069 1125 4136 duabus
1170 4069 1619 4156 dittographiis
1664 4091 1729 4156 p.
1768 4074 1873 4154 60,
1912 4077 1948 4135 5
1996 4071 2268 4157 priorem
2313 4071 2510 4137 habet
2547 4070 2674 4137 sic:
2727 4074 3000 4134 romanis
3031 4074 3132 4135 uel
3158 4075 3492 4157 yermanis,
3534 4071 3738 4138 altero

494 4192 631 4257 loco
675 4192 837 4275 legit
880 4192 1093 4274 infeste
1136 4194 1400 4256 saeuitia
1437 4212 1663 4277 puqne.

664 4311 1144 4379 Go'rwmssuffls
1188 4311 1558 4378 monasterii
1622 4311 1712 4395 (id
1769 4312 1938 4378 enim
2009 4331 2153 4379 esse
2208 4311 2379 4396 quod
2435 4312 2505 4378 in
2549 4311 2731 4378 libris
2792 4312 3046 4396 scriptis
3091 4319 3382 4398 corrupto
3425 4311 3738 4379 vocabulo

494 4433 726 4498 dicitur
770 4432 1161 4499 Cirtoicense
1219 4439 1389 4499 recte
1448 4431 1653 4498 editor
1709 4433 2045 4518 intellexit)
2101 4432 2382 4499 codicem
2429 4431 2797 4500 Geticorum
2855 4432 3146 4498 Iordanis
3204 4438 3431 4499 nactus
3483 4433 3738 4498 Aeneas

492 4552 731 4618 Silvius
787 4554 1252 4637 (1405—1464)
1304 4552 1644 4639 epitomam
1676 4574 1892 4620 eorum
1923 4554 2096 4638 fecit,
2148 4559 2218 4620 ut
2258 4552 2400 4639 ipse
2445 4554 2539 4620 ait
2578 4553 2646 4619 in
2691 4553 2971 4639 epistula
2999 4553 3357 4638 praemissa
3386 4552 3472 4618 ad
3501 4554 3739 4620 Iohan-

493 4694 637 4739 nem
669 4672 750 4739 de
782 4672 1108 4740 Carnaiali
1155 4673 1577 4740 cardinalem:
1632 4695 1821 4758 quam
1869 4675 2210 4761 epitomam
2242 4673 2495 4741 codices
2526 4681 2884 4760 proponunt
2914 4673 3142 4740 Veneti
3188 4671 3313 4738 duo
3340 4674 3497 4740 bibl.
3535 4674 3731 4740 Marc.

491 4794 572 4860 cl.
608 4794 671 4859 X
714 4816 778 4859 n.
838 4798 910 4856 14
959 4799 1023 4859 et
1067 4794 1146 4858 cl.
1200 4794 1392 4859 XXII
1435 4816 1499 4859 n.
1557 4798 1697 4876 153,
1752 4794 2426 4879 Donaueschingensis
2479 4816 2545 4860 n.
2597 4798 2720 4859 507
2784 4793 3060 4878 catalogi
3103 4792 3526 4876 Barackiani‚
3595 4794 3729 4876 alii,

496 4914 696 4980 edidit
725 4913 1125 4980 Raimundus
1156 4915 1454 4982 Duellius
1508 4915 1683 5000 (biga
1726 4915 2031 4981 librorum
2078 4915 2405 4981 rariorum.
2487 4914 2889 4981 Francofurti
2933 4922 2998 4982 et
3029 4913 3289 4999 Lipsiae
3326 4918 3512 4979 1730.
3564 4914 3730 4999 fol.).

490 5034 721 5101 librum
766 5035 848 5099 ab
893 5035 1115 5100 Aenea
1160 5035 1362 5102 Silvio
1405 5043 1781 5121 usurpatum
1828 5036 2102 5103 similem
2147 5036 2350 5103 fuisse
2395 5035 2881 5103 vindobonensi
2934 5057 3000 5101 n.
3050 5038 3176 5099 203
3222 5055 3305 5102 ex
3361 5036 3581 5102 multis
3636 5035 3738 5102 in·
3819 5111 3824 5119 .

491 5155 678 5220 diciis
735 5154 1157 5239 intellegitur:
1229 5177 1295 5241 p.
1347 5159 1448 5238 59,
1508 5161 1533 5219 1
1587 5178 1915 5221 cresennae
1971 5157 2207 5241 legitur
2262 5178 2375 5243 pro
2435 5159 2823 5241 RercfenniQ
2890 5164 3110 5223 auctor
3166 5163 3381 5222 autem
3441 5159 3737 5222 Iordanes

489 5274 738 5358 dicitur,
790 5297 916 5343 non
961 5279 1324 5342 [ornando-5.

667 5638 887 5704 Tertia
930 5637 1158 5704 classis
1203 5637 1392 5704 facile
1438 5639 1832 5723 dignoscitur
1876 5660 1955 5705 ex
2000 5639 2411 5724 inscriptione
2441 5638 2809 5706 Geticorum
2852 5641 3157 5724 (Romana
3200 5639 3310 5721 qui
3354 5638 3544 5704 simul
3590 5660 3742 5705 con-
3768 5642 4081 5737 ffgfflssgffl‘h

494 5759 724 5826 tineret
765 5758 957 5825 huius
1003 5758 1246 5825 ordinis
1292 5759 1458 5826 liber
1499 5760 1715 5825 nullus
1759 5759 2081 5844 innotuit),
2131 5780 2298 5843 quae
2342 5759 2502 5826 haec
2547 5767 2678 5826 est:
2740 5761 2843 5826 ‘in
2887 5760 3009 5826 hoc
3053 5779 3311 5845 corpore
3342 5759 3744 5827 continentur
