4882 6775
1994 481 2294 537 GETICA.
3692 483 3775 544 59

515 694 630 758 per
687 681 897 739 terrae
957 673 1310 757 marginem
1372 673 1605 737 dicitur
1650 673 1939 738 circuire.
2034 671 2204 737 aliae
2256 691 2407 736 vero
2465 671 2556 736 ibi
2613 676 2763 736 sunt
2819 677 3048 754 gentes
3091 669 3588 752 Screrefennae,
3653 689 3778 755 que
3822 668 3921 732 III
3968 670 4041 730 21

516 775 973 843 frumentorum
1037 797 1164 841 non
1223 775 1545 859 queritant
1602 774 1872 856 victum,
1939 774 2056 839 sed
2115 772 2415 840 carnibus
2475 772 2758 837 ferarum
2817 778 3011 855 atque
3065 773 3204 837 ovis
3248 771 3466 838 avium
3512 771 3769 853 vivunt3

516 878 623 943 ubi
668 885 848 943 tanta
892 878 1243 962 paludibus
1289 878 1501 944 fetura
1544 878 1834 962 ponitur,
1887 883 1958 942 ut
2002 882 2066 943 et
2110 881 2527 960 augmentum
2574 880 2862 960 prestent
2904 875 3126 958 generi
3172 881 3237 941 et
3283 875 3648 942 satietatem
3693 875 3778 940 ad

514 981 772 1066 cupiam
816 982 995 1065 genti
1019 983 1091 1065 ⁴).
1187 981 1320 1047 alia
1378 1001 1529 1046 vcro
1586 999 1750 1065 gens
1804 980 1894 1046 ibi
1953 986 2236 1044 moratur
2280 978 2613 1060 Suehans,
2679 998 2845 1062 quae
2900 977 3096 1047 velud
3141 977 3459 1063 Thyringi
3477 981 3520 1062 2)
3591 978 3776 1062 equis

450 1108 475 1144 5
513 1091 776 1167 utuntur
821 1084 1098 1151 eximiis.
1192 1085 1261 1150 hi
1307 1104 1559 1170 quoque
1605 1091 1788 1165 sunt,
1853 1084 1962 1166 qui
2019 1083 2085 1148 in
2134 1082 2356 1148 usibus
2401 1083 2829 1147 Romanorum
2877 1081 3303 1166 sappherinas
3349 1083 3556 1166 pelles
3601 1101 3777 1147 com-

515 1187 749 1253 mercio
808 1188 1274 1255 interveniente
1331 1208 1447 1273 per
1505 1187 1671 1253 alias
1727 1186 2098 1251 innumeras
2143 1191 2371 1269 gentes
2417 1184 2883 1267 transmittunt,
2948 1183 3182 1249 famosi
3226 1184 3495 1270 pellium
3544 1185 3779 1250 decora

513 1290 857 1374 nigridine.
951 1290 1020 1356 hi
1079 1311 1224 1356 cum
1285 1291 1510 1376 inopes
1569 1290 1828 1373 vivunt,
1892 1289 2209 1355 ditissime
2270 1288 2651 1384 vestiuntur.
2746 1287 3034 1370 sequitur
3090 1287 3325 1353 deinde
3371 1287 3771 1354 diversarum
3818 1289 3899 1349 22

513 1394 703 1464 turba
746 1393 1073 1459 nationum
1098 1445 1113 1475 ,
1163 1395 1518 1475 Theustes‚
1571 1392 1863 1478 Vagoth,
1916 1392 2186 1475 Bergio‚
2239 1372 2495 1473 Hallin,
2548 1390 2883 1470 Liothida,
2945 1411 3212 1473 quorum
3256 1391 3538 1457 omnium
3583 1391 3775 1457 sedes

515 1497 632 1562 sub
679 1517 805 1562 uno
849 1496 1028 1582 plani
1073 1517 1151 1562 ac
1194 1496 1450 1578 fertilis,
1503 1503 1568 1562 et
1611 1503 1951 1581 propterea
1994 1494 2157 1560 inibi
2202 1494 2476 1560 aliarum
2520 1493 2812 1577 gentium
2855 1492 3326 1558 incursionibus
3360 1493 3770 1559 infestantur.

419 1624 474 1662 ιο
512 1606 655 1686 post
699 1600 817 1664 hos
862 1599 1180 1682 Ahelmil,
1247 1599 1670 1678 Finnaithae,
1736 1599 1991 1678 Fervir‚
2059 1597 2495 1681 Ganthigoth,
2562 1616 2711 1663 acre
2755 1595 3083 1663 hominum
3129 1615 3335 1679 genus
3380 1604 3446 1662 et
3487 1602 3556 1662 at
3598 1596 3775 1662 bella

512 1703 1040 1789 prumtissimam.
1120 1703 1350 1769 dehinc
1384 1703 1564 1786 Mixi,
1616 1703 1893 1787 Evagre,
1946 1701 2221 1785 Otingis.
2302 1700 2370 1766 hi
2414 1719 2638 1766 omnes
2683 1698 2919 1765 excisis
2962 1697 3226 1783 rupibus
3269 1699 3456 1783 quasi
3488 1699 3775 1765 castellis

512 1806 874 1883 inhabitant
917 1806 1042 1871 ritu
1087 1806 1371 1872 beluino.
1466 1813 1612 1872 sunt
1656 1813 1721 1872 et
1763 1806 1865 1872 his
1911 1807 2260 1872 exteriores
2306 1804 2768 1888 ostrogothae,
2832 1801 3235 1885 Raumarici,
3299 1801 3764 1886 Aeragnaricii,
3818 1804 3899 1865 23

517 1910 703 1975 Finni
750 1909 1092 1993 mitissimi,
1146 1910 1482 1976 Scandzae
1528 1910 1879 1976 cultoribus
1927 1909 2221 1975 omnibus
2267 1907 2583 1987 mitiores3
2637 1926 2755 1971 nec
2801 1925 2927 1970 non
2972 1912 3038 1971 et
3078 1925 3268 1990 pares
3315 1926 3532 1971 eorum
3579 1906 3774 1970 Vino-

516 2013 756 2091 viloth;
811 2013 1097 2094 Suetidi,
1150 2013 1390 2097 cogniti
1434 2014 1499 2078 in
1544 2013 1670 2078 hac
1715 2019 1908 2094 gente
1954 2011 2220 2095 reliquis
2263 2030 2526 2095 corpore
2571 2006 3056 2075 eminentiores:
3124 2009 3419 2093 quamvis
3464 2015 3529 2074 et
3571 2008 3765 2091 Dani,

415 2140 472 2180 ιε,
514 2137 596 2181 ex
654 2115 936 2201 ipsorum
998 2115 1197 2201 stirpe
1254 2108 1617 2202 progressi,
1685 2116 1959 2181 Herulos
2014 2114 2292 2199 propriis
2348 2112 2614 2179 sedibus
2671 2112 3088 2197 expulerunt,
3169 2112 3278 2196 qui
3328 2110 3496 2178 inter
3552 2131 3775 2177 omnes

513 2320 572 2327 v*
635 2320 908 2325 ———.-..-—-*-
943 2319 1331 2324 -ρ--ο--ἀῂᾳ-

680 2449 802 2495 ΗΡ
832 2449 873 2497 V
895 2449 939 2496 L
966 2449 1010 2495 A
1040 2449 1084 2494 0
1109 2449 1153 2495 Β
1182 2448 1226 2494 Χ
1253 2447 1319 2509 (Υ
1343 2447 1424 2507 Ζ).
1502 2447 1626 2496 Βαυ.
1671 2454 1721 2506 4,
1765 2449 1829 2494 1‘2
1861 2462 1913 2507 p.
1944 2449 2039 2495 201
2063 2464 2078 2493 :
2117 2447 2278 2508 patria
2311 2460 2438 2507 quae
2476 2445 2661 2493 dicitur
2696 2444 3052 2492 Rere'senorum
3089 2438 3181 2508 [sic
3217 2441 3331 2491 libri
3367 2444 3413 2491 Ιι.
3455 2444 3491 2491 l.
3531 2448 3578 2490 ct
3620 2447 3663 2501 1,
3711 2447 3769 2490 11

507 2551 559 2596 p.
591 2537 687 2593 285
717 2536 987 2583 Rerefenni
1014 2541 1065 2596 4,
1094 2538 1158 2582 46
1181 2550 1232 2595 p.
1263 2536 1397 2590 324ς
1429 2533 1652 2580 Rereferi
1678 2536 1728 2593 5,
1762 2536 1827 2581 28
1848 2548 1901 2593 p.
1931 2528 2055 2598 417]
2091 2538 2145 2579 et
2171 2532 2531 2581 Sirdifenorum
2568 2527 2915 2596 [Serdei'enni‚
2945 2529 3255 2588 Sisdei‘enni,
3288 2528 3571 2576 Scirdit‘rini
3594 2526 3768 2595 alibiJ:

511 2622 657 2671 cuius
696 2621 882 2681 patriae
918 2621 1174 2679 homines,
1231 2624 1287 2667 ut
1323 2619 1394 2666 ait
1432 2619 1721 2667 Aithanarit
1754 2618 2028 2666 Gothorum
2067 2618 2423 2681 philosophus,
2479 2630 2633 2677 rupes
2670 2617 2914 2664 montium
2953 2615 3238 2662 inhabitant
3273 2619 3325 2661 et
3361 2628 3450 2674 per
3486 2615 3776 2663 venationes

508 2714 611 2756 tam
638 2708 730 2754 viri
757 2720 1008 2768 quamque
1032 2708 1271 2754 mulieres
1297 2706 1482 2766 vivere,
1523 2706 1635 2754 cibo
1659 2706 1740 2753 vel
1770 2706 1884 2752 vino
1907 2705 2068 2765 ignari
2095 2706 2393 2763 existentes,
2437 2705 2493 2751 in
2529 2702 2762 2750 omnibns
2801 2701 3056 2750 dicuntur.
3123 2697 3383 2759 &sculfus
3409 2702 3459 2759 1,
3490 2702 3540 2762 2,
3570 2702 3636 2747 25
3660 2696 3775 2766 [16]

517 2793 599 2854 (ad
639 2792 661 2841 1
704 2794 912 2841 circuire
945 2818 1018 2828 —
1051 2807 1084 2839 a
1121 2792 1152 2840 4
1189 2792 1327 2854 alia).

685 2947 705 2996 1
751 2948 972 3008 margine
1008 2946 1180 3009 11(·?)P
1384 2948 1622 2996 circuisse
1669 2947 1762 3006 YZ,
1803 2946 2096 2994 circumisse
2137 2945 2183 2992 X
2388 2944 2488 2992 alia
2529 2944 2572 2990 0
2781 2938 2923 3008 sunt]
2960 2946 3062 2990 tres
3105 2941 3195 2989 OB
3400 2938 3775 3007 screretennae]

512 3037 664 3095 XYZ,
705 3037 941 3084 crefenne
972 3034 1078 3097 OB,
1121 3036 1412 3082 rerefennae
1437 3035 1551 3097 ΗΡ,
1593 3036 1917 3083 reraei‘ennae
1952 3033 2005 3094 V,
2047 3032 2312 3080 rerefenne
2340 3031 2403 3093 L,
2443 3034 2681 3079 resennae
2708 3030 2784 3076 A:
2823 3029 3056 3077 Rerefeni
3086 3033 3141 3076 et
3163 3027 3403 3077 Sirdii‘eni
3448 3028 3574 3089 (vide
3598 3029 3771 3090 supra)

510 3122 801 3173 navemus.-
841 3121 966 3169 illud
998 3122 1232 3183 praetuli,
1274 3122 1506 3182 quoniam
1540 3136 1573 3168 a
1608 3135 1722 3169 vera
1757 3120 1922 3182 foma
1959 3113 2281 3186 Σκριθίφινοι
2314 3120 2534 3178 pros-lma
2569 3116 2703 3164 abest
2912 3110 3034 3181 que]
3070 3115 3155 3176 qui
3199 3113 3338 3161 OBX
3347 3114 3388 3160 Y
3595 3113 3626 3161 2
3663 3116 3775 3162 ouis

509 3204 702 3274 auium]
742 3209 890 3269 XYZ,
932 3209 1104 3256 ouium
1129 3208 1399 3268 auiumque
1426 3207 1682 3267 HPVLA,
1723 3209 1897 3254 onium
1931 3206 2044 3265 (om.
2075 3203 2293 3266 reliquis)
2334 3204 2424 3250 OB
2632 3203 2663 3250 3
2700 3203 2801 3263 pal.
2830 3203 3019 3250 fertura
3046 3201 3105 3261 L,
3148 3201 3341 3248 foetura
3364 3200 3636 3262 paludibus
3662 3201 3708 3247 Β

507 3291 700 3360 augm.]
736 3295 956 3354 agistum
995 3296 1035 3340 A
1269 3289 1354 3359 ad]
1388 3308 1444 3340 ac
1479 3293 1524 3339 B
1755 3292 1786 3340 4
1823 3288 2046 3358 cupiam]
2083 3291 2193 3350 ΗΡ,
2235 3292 2426 3351 copiam
2463 3292 2551 3337 rel.
2769 3283 3014 3352 suehans]
3049 3286 3348 3345 HPVXYZ,
3390 3299 3574 3336 sueans
3613 3287 3773 3350 Frec„

509 3382 736 3432 sciehans
764 3382 823 3443 L,
866 3381 1124 3429 suhueans
1151 3379 1212 3443 A,
1255 3380 1526 3429 suaethans
1557 3380 1617 3440 0,
1661 3380 1902 3428 suethans
1928 3379 1971 3426 B
2178 3372 2358 3443 uelud]
2384 3375 2546 3436 HI’V,
2592 3374 2737 3423 uelut
2759 3375 2851 3423 rel.
3065 3367 3313 3438 thyringi]
3338 3371 3455 3433 ΗΡ,
3498 3372 3680 3432 tyringi
3716 3373 3770 3434 V,

508 3468 714 3528 thiringi
754 3466 863 3528 LA,
917 3467 1220 3529 thoringo,
1276 3467 1492 3527 thoringi
1530 3466 1673 3513 ΒΧΥ
1911 3461 2080 3531 equis]
2117 3465 2288 3525 coquis
2324 3463 2502 3525 11“(‘.›),
2556 3463 2729 3523 aequis
2774 3462 2831 3521 V,
2880 3473 2977 3508 om.
3022 3457 3085 3507 Αι
3330 3458 3361 3506 5
3398 3459 3619 3505 eximius
3656 3460 3713 3505 H

510 3556 581 3604 hii
620 3553 714 3602 LO
922 3567 1122 3616 quoque
1157 3568 1255 3603 om.
1285 3553 1329 3599 A
1540 3568 1666 3601 usus
1703 3551 1796 3599 AB
2004 3551 2344 3614 sappherynas
2384 3549 2437 3611 V,
2481 3547 2775 3609 saphyrinas
2812 3547 2874 3608 B,
2915 3545 3193 3607 saphirinas
3230 3545 3339 3605 ΧΥ,
3378 3544 3669 3606 sapherinas
3708 3544 3770 3607 A,

508 3641 824 3703 sapphirinea
852 3643 915 3703 Z,
957 3640 1235 3702 saphirinos
1267 3640 1310 3685 Ο
1518 3639 1550 3688 6
1586 3639 1761 3686 decore
1792 3639 1835 3684 0
2043 3637 2071 3685 7
2112 3631 2386 3701 nigridine]
2423 3634 2581 3692 HPV,
2624 3634 2808 3692 nigridi
2851 3631 2910 3692 0,
2954 3631 3213 3691 nigredine
3250 3629 3488 3677 LABXY
3691 3633 3774 3680 ui-

507 3725 663 3794 uunt]
699 3727 912 3790 HPAO,
953 3727 1134 3776 uiuant
1178 3726 1449 3774 VLBXYZ
1656 3729 1943 3787 sequnntur
1985 3723 2076 3771 OB
2302 3720 2333 3771 8
2371 3721 2713 3768 turbationum
2758 3719 2800 3767 V
3004 3709 3263 3783 thenstes]
3299 3717 3346 3763 Β
3360 3718 3410 3776 Υ,
3453 3716 3671 3764 theustis
3710 3717 3771 3777 X,

508 3814 774 3870 theusthes
817 3813 879 3873 Ο,
921 3814 1125 3862 theutes
1161 3812 1371 3871 HPVL,
1416 3812 1622 3859 teuthes
1662 3811 1706 3857 A
1965 3809 2154 3868 uagoht
2191 3809 2342 3859 Free..
2595 3805 2763 3866 bargio
2805 3804 2863 3866 Ο,
2905 3804 3076 3864 bergio
3115 3803 3159 3849 A
3403 3802 3577 3850 hallim
3613 3802 3712 3849 AY

507 3901 684 3949 liotida
721 3901 763 3946 A
999 3901 1031 3948 9
1068 3900 1160 3947 sub
1198 3912 1297 3946 uno
1342 3898 1458 3957 (una
1498 3895 1651 3957 XYZ)
1694 3897 1831 3959 plani
1878 3895 2071 3958 (planae
2110 3894 2171 3956 B,
2213 3893 2453 3955 planitiae
2493 3893 2551 3951 X,
2595 3891 2810 3953 planitie
2858 3890 2952 3953 YZ)
2994 3875 3049 3937 ac
3090 3889 3197 3951 (hac
3234 3888 3294 3951 A)
3338 3890 3520 3937 fertilis
3560 3889 3776 3948 (fertiles

512 3987 647 4034 ΟΒΧ
660 3982 740 4052 Υ)]
776 3987 921 4034 libri:
957 3985 1153 4034 vidctur
1188 3983 1421 4031 Iordanes
1456 3983 1600 4031 sedes
1635 3984 1908 4029 masculine
1943 3983 2260 4052 uagas-pavisse
2296 3984 2341 4028 et
2377 3980 2471 4027 sub
2510 3992 2610 4026 nno
2640 3979 2864 4038 posuisse
2897 3990 2989 4036 pro
3028 3975 3288 4022 similiter:
3338 3976 3520 4038 supina
3543 3976 3694 4036 plana
3719 3989 3776 4023 ac

509 4075 688 4124 fertilis
723 4076 928 4121 coniecit
966 4070 1362 4131 Mucllenhoffiua
1605 4063 1888 4134 propterea]
1922 4072 2097 4128 postea
2137 4065 2181 4111 0
2425 4060 2579 4130 inihi]
2614 4062 2805 4111 ininihi
2842 4063 2887 4110 L
3169 4061 3230 4109 10
3266 4057 3496 4126 ahelmil]
3533 4057 3768 4122 HPV2L‚

509 4159 680 4208 helmil
719 4160 782 4220 A,
821 4158 1049 4206 athelmil
1085 4156 1160 4220 V¹,
1204 4156 1413 4204 athelnil
1457 4156 1566 4216 OB,
1607 4155 1793 4202 ahelmi
1833 4154 1892 4213 X,
1933 4152 2098 4201 ahemi
2146 4152 2185 4198 Y
2387 4150 2672 4199 sinnaithae
2706 4149 2751 4196 B
2958 4148 3214 4208 gautigoth
3247 4146 3385 4194 ΟΒΧ
3397 4147 3435 4193 Y
3640 4142 3774 4212 acre]

507 4260 614 4294 arre
650 4245 692 4292 L
920 4249 972 4292 et
1007 4258 1100 4292 om.
1150 4242 1239 4290 OB
1464 4238 1539 4309 at]
1578 4241 1692 4300 ΗΡ,
1734 4239 1793 4287 ad
1829 4240 1919 4287 rel.
2164 4237 2217 4286 11
2261 4231 2683 4301 prumtissimum]
2719 4235 2835 4295 ΗΡ,
2878 4234 3270 4295 promtissimum
3308 4233 3415 4294 LA,
3457 4233 3773 4293 promptissi-

509 4346 642 4382 mum
684 4330 790 4393 OB,
834 4330 1194 4392 promptissimi
1232 4327 1372 4375 ΧΥΖ
1580 4322 1729 4392 mixi]
1766 4324 2072 4384 HPVLAO,
2120 4325 2266 4372 mixti
2306 4325 2398 4371 ΒΧ
2411 4322 2450 4368 Y
2662 4317 2869 4387 euagre]
2904 4320 3113 4380 HPLA,
3154 4332 3367 4378 euagrae
3414 4319 3607 4380 VXYZ,
3650 4333 3772 4367 eua-

506 4432 621 4478 gere
652 4418 713 4478 0,
753 4430 993 4477 euagerae
1017 4416 1063 4462 Β
1243 4414 1493 4474 ,othingis
1537 4413 1705 4460 OBX:
1738 4415 1896 4473 possis
1931 4414 2144 4471 coqitars
2180 4410 2239 4457 de
2276 4409 2581 4469 Greutunyis
2789 4402 2997 4472 excisis]
3033 4405 3292 4466 HPVLA,
3334 4406 3472 4454 exsis
3503 4404 3563 4467 Ο,
3604 4405 3774 4452 exesis

509 4504 598 4551 ΒΧ
609 4503 646 4550 Y
852 4504 1056 4564 rapibus
1098 4501 1142 4547 0
1367 4501 1469 4548 casi
1508 4501 1551 4545 A
1788 4495 1850 4546 12
1888 4503 1939 4545 et
1974 4493 2078 4564 his]
2113 4501 2167 4544 et
2200 4493 2359 4545 tethis
2399 4497 2460 4557 Χ,
2503 4499 2555 4541 et
2592 4493 2784 4541 thethis
2828 4492 2912 4539 ΥΖ
3144 4492 3471 4539 raumariciae
3509 4492 3770 4550 ragnaricii

508 4590 710 4650 HPVL,
750 4588 1041 4637 raumaricie
1078 4588 1344 4647 ragnarii-ii
1372 4586 1436 4647 A,
1477 4586 1821 4634 raumauricae
1858 4584 2100 4644 ragnarici
2134 4582 2270 4629 ΟΒΧ
2282 4583 2321 4629 Υ
2530 4580 2590 4628 13
2629 4579 2917 4628 mittissimi
2959 4577 3002 4625 Ο
3209 4591 3386 4625 scanzo
3418 4575 3478 4638 Ο,
3519 4576 3773 4624 scanzicae

512 4675 555 4737 (c
589 4676 708 4736 dcl.)
750 4675 795 4721 B
1028 4676 1287 4722 cutoribus
1325 4675 1369 4720 A
1615 4667 1866 4738 mitiores]
1905 4671 2122 4719 minores
2157 4671 2364 4718 coniecit
2401 4665 2803 4728 Mudlenhoffius
2837 4669 2963 4714 recte
3191 4660 3386 4729 eorum]
3423 4663 3622 4710 illorum
3658 4663 3705 4709 A

507 4761 821 4810 uuinoniloth
856 4763 910 4824 V,
941 4761 1262 4809 ninouilohth
1293 4759 1336 4807 Ο
1551 4745 1613 4807 14
1652 4758 1881 4807 suethidi
1907 4758 1951 4804 Β
2157 4750 2368 4820 cogniti]
2395 4755 2592 4812 cogenti
2621 4751 2680 4813 0,
2720 4752 2891 4812 cogeni
2918 4751 2980 4808 Β,
3022 4751 3235 4811 cognitio
3264 4749 3371 4812 ΧΖ,
3412 4750 3637 4810 cognatio
3671 4750 3709 4796 Y

507 4862 653 4911 quam
692 4854 743 4896 et
781 4848 862 4895 uis
904 4847 947 4893 0
1161 4846 1223 4895 15
1261 4847 1481 4907 progessi
1527 4845 1570 4891 0
1782 4844 1977 4892 ernleos
2015 4840 2106 4905 13⁴²,
2148 4842 2311 4889 erulos
2350 4827 2466 4888 LB⁶
2673 4833 2908 4903 propriis]
2948 4851 3011 4886 ex
3048 4850 3214 4899 propr.
3259 4834 3332 4883 0⁰

684 5107 726 5168 1)
769 5106 839 5167 cf.
882 5107 1150 5167 Procopius
1187 5106 1234 5155 b.
1275 5105 1414 5153 Goth.
1459 5106 1507 5166 9,
1557 5107 1652 5153 15:
1695 5097 2014 5169 Σκριθὶφινοι
2051 5138 2062 5150 .
2097 5137 2110 5149 .
2143 5139 2155 5150 .
2197 5097 2314 5151 οὔτε
2351 5094 2495 5149 αὐτοὶ
2529 5101 2625 5168 γῆν
2660 5098 2968 5167 γεωργοῦσιν
3004 5090 3119 5147 οὔτε
3153 5111 3203 5145 τι
3238 5090 3413 5151 αὐτοῖς
3448 5091 3502 5145 αἱ
3536 5096 3774 5162 γυναῖκες

508 5190 817 5263 ἐργάζονται,
855 5189 997 5252 ,ἀλλὰ
1032 5188 1214 5259 ἄνδρες
1250 5187 1330 5241 ἀεὶ
1365 5188 1451 5250 ξὺν
1485 5192 1600 5246 ταῖς
1635 5184 1824 5257 γυναιξὶ
1858 5186 1953 5253 τὴν
1988 5181 2153 5255 θήραν
2192 5183 2355 5253 μόνην
2392 5181 2796 5251 ἑπιτηδεύονται.
2848 5177 3044 5250 θηρίων
3079 5196 3133 5231 τε
3170 5177 3264 5248 γὰρ
3300 5180 3389 5231 καὶ
3421 5176 3595 5231 ἄλλων
3626 5170 3772 5249 ζῴων

507 5277 639 5347 μέγα
672 5295 721 5329 τι
755 5283 940 5347 χρῆμα
976 5273 1032 5329 αἶ
1066 5294 1120 5328 τε
1161 5272 1276 5327 ὗλαι
1313 5273 1488 5333 αὐτοῖς
1527 5273 1735 5344 φέρουσι
1773 5270 1990 5343 μεγάλαι
2025 5269 2299 5341 ὑπερφυῶς
2335 5268 2482 5322 οὖσαι
2517 5269 2606 5320 καὶ
2639 5267 2704 5320 τὰ
2739 5265 2868 5337 ὄρη,
2920 5266 2955 5319 ἃ
2999 5263 3161 5335 ταύτῃ
3208 5263 3399 5337 ἀνέχει.
3474 5264 3561 5317 καὶ
3594 5263 3773 5334 κρέασι

506 5363 600 5433 μὲν
638 5361 833 5434 θηρίων
870 5361 950 5415 ἀεὶ
983 5369 1086 5415 τῶν
1124 5360 1479 5431 ἁλισκομένων
1517 5358 1801 5422 σιτίζονται,
1839 5356 1904 5409 τὰ
1939 5355 2166 5427 δέρματα
2202 5355 2259 5409 δὲ
2294 5353 2675 5426 ἀμφιέννυνται.
2753 5356 2943 5403 Paulus
2979 5353 3091 5404 hiat.
3131 5354 3294 5414 Lany.
3344 5357 3389 5413 1,
3420 5354 3482 5400 5:
3520 5352 3773 5402 Scritoiini

511 5453 602 5512 (sic
636 5453 713 5500 vel
752 5451 1021 5499 Scritobini
1057 5452 1232 5512 optimi
1267 5450 1394 5513 libri)
1440 5484 1454 5500 .
1487 5485 1501 5499 .
1532 5484 1547 5498 .
1586 5448 1758 5497 crudis
1794 5447 2066 5508 agrestium
2102 5445 2436 5493 animantium
2474 5444 2708 5492 carnibus
2745 5445 3041 5501 vescuntur,
3086 5441 3148 5489 de
3183 5453 3396 5502 quorum
3431 5439 3586 5487 etiam
3623 5439 3771 5486 hirtis

507 5538 727 5600 pellibus
763 5539 869 5586 sibi
904 5538 1202 5585 indumenta
1237 5542 1522 5598 peraptant.

679 5623 727 5684 2)
772 5623 842 5685 cs.
891 5622 1229 5671 Cassiodorius
1264 5637 1375 5671 var.
1417 5627 1465 5683 4,
1512 5625 1537 5669 1
1556 5637 1572 5668 .-
1622 5619 1991 5669 Herminat'rido
2039 5619 2148 5678 regi
2184 5617 2546 5677 'thoringorum
2581 5613 2917 5664 Theodericus
2963 5626 3052 5661 rex
3092 5646 3107 5662 .
3138 5647 3152 5661 .
3184 5645 3199 5661 .
3238 5610 3517 5662 indicamus
3554 5624 3645 5658 nos
3681 5623 3770 5658 ve-

508 5710 772 5759 nientibus
817 5710 1004 5771 legatis
1052 5710 1232 5762 vestris
1272 5744 1285 5764 ,
1318 5743 1332 5760 .
1364 5743 1379 5764 ,
1418 5721 1554 5756 more
1601 5709 1829 5775 gentium
1880 5706 2163 5774 suscepisse
2202 5739 2217 5759 .
2248 5739 2262 5757 .
2295 5739 2309 5753 .
2348 5716 2505 5769 equos
2549 5706 2783 5765 argenteo
2826 5699 2984 5749 colore
3031 5699 3269 5757 vestitos,
3319 5698 3404 5760 qui
3450 5695 3562 5756 susc
3596 5695 3774 5744 descri-

510 5797 711 5855 huncum

3274 5881 3351 5938 8*
