4882 6775
1975 411 2326 468 ROMANA.
2844 445 2848 449 ·
3696 414 3779 477 23

158 620 304 661 Florus
328 617 368 665 2.
400 620 442 666 ⁶.
473 620 492 659 1
694 605 848 670 Post
887 603 1161 689 primum
1206 610 1420 669 autem
1452 603 1765 669 Punicum
1808 604 2050 669 bellum
2095 602 2204 667 vix
2249 602 2741 686 quadriennium
2784 605 3076 687 requies:
3127 623 3276 670 ecce
3321 604 3594 669 alterum
3633 602 3778 668 bel-
3818 602 3933 664 181

522 708 689 789 lum,
741 707 955 772 minus
999 706 1262 789 quidem
1307 707 1513 792 spatio
1558 744 1645 753 —
1686 727 1804 772 nec
1857 707 2028 772 enim
2073 707 2354 792 amplius
2400 724 2576 772 xvm
2620 728 2825 773 annos
2867 716 3094 773 tenens
3138 746 3224 755 —
3271 706 3389 773 sed
3433 704 3598 771 adeo
3643 706 3780 771 cla-

522 810 697 875 dium
754 809 1089 876 atrocitate
1142 810 1480 893 terribilis,
1546 816 1617 875 ut
1672 810 1727 875 si
1786 811 1929 893 quis
1984 809 2270 876 conferat
2313 809 2550 875 damna
2593 811 2926 894 utriusque
2971 812 3229 897 populi,
3296 809 3565 875 similior
3608 809 3778 874 victo

398 938 443 969 o·
469 925 497 969 ²
524 913 608 978 sit
661 913 937 996 populus
997 912 1109 978 ille
1167 913 1276 995 qui
1333 913 1510 978 vicit.
1603 913 1829 979 urebat
1885 914 2168 978 nobilem
2224 914 2533 998 populum
2590 934 2766 979 mare
2825 915 3146 993 ablatum,
3216 920 3441 998 raptae
3498 912 3774 994 insulae,

523 1014 678 1079 dare
737 1014 978 1080 tributa
1029 1035 1195 1098 quae
1251 1016 1474 1083 iubere
1533 1024 1973 1082 consueverat.
2066 1016 2216 1083 hinc
2272 1016 2581 1083 ultionem
2642 1038 2803 1101 puer
2859 1018 3142 1084 Annibal
3195 1016 3281 1082 ad
3336 1037 3517 1082 aram
3575 1015 3777 1100 patris
3820 1035 3845 1074 5

397 1144 441 1172 c·
471 1133 497 1173 ³
521 1118 878 1199 iuraverat,
946 1138 1066 1184 nec
1126 1121 1511 1186 morabatur.
1602 1120 1801 1203 igitur
1853 1120 1923 1186 in
1979 1139 2178 1185 causa
2233 1120 2392 1185 belli
2437 1121 2768 1204 Saguntus
2813 1121 3023 1187 electa
3068 1126 3203 1202 est,
3270 1120 3447 1185 velut
3494 1118 3779 1203 Spaniae
3821 1118 3941 1179 182

522 1220 748 1286 civitas
806 1228 871 1286 et
922 1222 1226 1305 opulenta
1267 1222 1550 1305 fideique
1602 1243 1759 1306 erga
1804 1225 2122 1288 Romanos
2167 1243 2472 1305 magnum
2519 1223 2778 1306 quidem
2803 1277 2817 1305 ,
2884 1224 3001 1290 sed
3046 1224 3226 1290 triste
3273 1227 3778 1288 monumentum.

399 1350 444 1379 c·
473 1338 500 1379 ⁴
525 1345 717 1409 quam
780 1324 849 1388 in
914 1325 1275 1391 libertatem
1341 1326 1658 1392 communi
1722 1326 1983 1392 foedere
2049 1333 2386 1411 exceptam
2448 1326 2767 1408 Annibal,
2842 1347 3073 1393 causas
3132 1346 3438 1392 novorum
3499 1331 3785 1389 motuum

525 1447 875 1510 quaerens,
944 1434 1010 1493 et
1065 1428 1201 1493 suis
1260 1436 1325 1494 et
1383 1448 1641 1494 suorum
1687 1430 1983 1495 manibus
2028 1430 2287 1512 evertit,
2354 1436 2423 1495 ut
2468 1431 2723 1495 Italiam
2769 1432 2893 1496 sibi
2939 1437 3123 1516 rupto
3169 1430 3432 1496 foedere
3476 1428 3779 1513 aperiret.

397 1557 442 1586 c·
473 1546 498 1584 ⁵
525 1550 776 1595 summa
833 1529 1168 1596 foederum
1208 1532 1515 1596 Romanis
1575 1532 1805 1615 religio
1864 1540 1994 1598 est:
2059 1532 2279 1615 itaque
2340 1531 2429 1597 ad
2488 1533 2780 1598 auditum
2839 1534 3052 1599 sociae
3111 1533 3389 1598 civitatis
3435 1530 3777 1611 obsidium,
3829 1548 3885 1589 ιο

525 1651 838 1699 memores
880 1633 993 1700 icti
1037 1653 1178 1699 cum
1225 1635 1457 1700 Poenis
1500 1655 1753 1718 quoque
1799 1635 2102 1717 foederis,
2147 1636 2290 1701 *non
2336 1637 2554 1701 statim
2599 1636 2687 1701 ad
2731 1657 2913 1701 arma
2957 1643 3358 1721 procurrunt,
3411 1635 3562 1701 dum
3610 1634 3788 1719 prius

396 1759 443 1791 c·
473 1751 499 1789 6
529 1755 701 1800 more
730 1735 1020 1819 legitimo
1050 1738 1272 1819 quaeri
1303 1739 1567 1804 malunt.
1617 1738 1918 1828 =interim
1961 1738 2095 1803 iam
2148 1759 2376 1804 novem
2424 1739 2754 1805 mensibus
2800 1739 2958 1805 fessi
3004 1738 3178 1804 fame
3224 1738 3542 1804 machinis
3589 1738 3778 1819 ferr0,

528 1859 716 1904 versa
761 1839 1038 1921 denique
1081 1840 1150 1904 in
1195 1840 1439 1906 rabiem
1483 1841 1633 1923 fide,
1689 1842 2032 1907 immanem
2079 1842 2146 1906 in
2190 1842 2327 1907 foro
2375 1842 2661 1908 excitant
2703 1863 2951 1926 rogum,
3003 1849 3139 1908 tum
3184 1842 3463 1926 desuper
3499 1859 3569 1907 se
3602 1859 3790 1905 suos-

400 1966 445 1997 c·
477 1956 502 1997 7
530 1963 654 2026 que
716 1962 858 2008 cum
919 1943 1215 2008 omnibus
1273 1944 1500 2027 opibus
1562 1945 1698 2010 suis
1757 1944 1923 2009 ferro
1980 1950 2046 2010 et
2089 1945 2226 2028 igni
2273 1952 2717 2030 conrumpunt.
2812 1944 3006 2010 huius
3060 1952 3280 2011 tantae
3342 1944 3548 2009 cladis
3606 1952 3792 2009 autor
3831 1944 3950 2006 183

524 2046 806 2111 Annibal
849 2046 1151 2130 poscitur.
1231 2047 1807 2129 tergiversantibus
1852 2048 2089 2113 Poenis
2117 2048 2265 2137 =dux
2311 2048 2689 2131 legationis:
2753 2051 3006 2132 ‘quae’,
3055 2048 3302 2130 inquid,
3361 2049 3575 2112 ‘mora
3619 2049 3791 2112 est'?
3833 2064 3890 2105 15

528 2149 804 2215 Fabius:
876 2148 979 2213 ‘in
1037 2148 1156 2214 hoc
1201 2169 1321 2230 ego
1382 2150 1525 2214 sinu
1585 2150 1828 2215 bellum
1888 2171 2242 2235 pacemque
2289 2158 2505 2235 port0,
2572 2157 2780 2217 utrum
2842 2152 3167 2235 elegitis’?
3241 2149 3792 2216 subclamantibus

537 2253 878 2331 ‘bellum';
959 2252 1237 2316 ‘bellum
1283 2251 1530 2335 igitur’,
1598 2251 1847 2335 inquid,
1925 2254 2233 2338 ‘accipite
2256 2253 2294 2319 ’.
2388 2260 2455 2318 et
2499 2273 2773 2320 excusso
2817 2254 2884 2319 in
2930 2254 3144 2319 media
3189 2253 3367 2319 curia
3409 2259 3600 2336 togae
3645 2271 3795 2335 gre-

399 2380 442 2409 c·
476 2369 504 2410 8
532 2355 658 2420 mio
715 2375 840 2420 non
902 2354 1042 2420 sine
1099 2354 1390 2431 horrore,
1456 2356 1645 2438 quasi
1704 2356 1899 2440 plane
1962 2356 2107 2421 sinu
2166 2357 2410 2423 bellum
2466 2355 2696 2439 ferret,
2762 2358 3010 2423 effudit.
3106 2356 3337 2421 similis
3383 2356 3593 2422 exitus
3636 2353 3794 2420 belli
3835 2358 3953 2418 184

527 2457 729 2523 initiis
790 2457 934 2523 suit.
1050 2478 1197 2522 nam
1255 2459 1445 2541 quasi
1502 2460 1623 2523 has
1679 2458 1948 2524 inferias
2011 2459 2137 2525 sibi
2183 2460 2679 2543 Saguntinorum
2734 2461 3001 2526 ultimae
3048 2461 3226 2526 dirae
3270 2460 3337 2524 in
3379 2459 3494 2524 illo
3537 2458 3795 2543 publico

527 2559 868 2646 parricidio
910 2561 1333 2645 incendioque
1378 2562 1835 2643 mandassent,
1888 2562 1981 2627 ita
2025 2563 2327 2628 manibus
2374 2583 2596 2628 eorum
2641 2563 3001 2629 vastatione
3048 2563 3311 2645 Italiae,
3376 2560 3795 2646 captivitatae
3834 2581 3895 2621 20

400 2690 442 2719 c·
474 2664 827 2747 9Africae,
896 2663 1129 2730 ducum
1183 2671 1250 2730 et
1305 2685 1530 2749 regum
1590 2665 1701 2747 qui
1756 2664 1827 2729 id
1885 2685 2148 2749 gessere
2200 2666 2447 2731 bellum
2508 2665 2707 2732 exitio
2767 2672 3195 2751 parentatum·
3232 2672 3354 2731 est.
3445 2663 3642 2746 igitur
3686 2663 3797 2728 ubi

529 2768 731 2833 semel
787 2786 859 2833 se
915 2767 985 2832 in
1029 2767 1340 2852 Spaniam
1398 2767 1596 2832 movit
1653 2768 1771 2833 illa
1815 2769 2036 2851 gravis
2097 2776 2164 2835 et
2221 2769 2515 2834 luctuosa
2560 2769 2785 2834 Punici
2846 2769 3005 2834 belli
3058 2768 3159 2833 vis
3204 2775 3397 2849 atque
3442 2772 3840 2851 tempestas

529 2869 1032 2953 distinatumque
1078 2870 1383 2936 Romanis
1444 2870 1573 2935 iam
1637 2870 1749 2935 diu
1795 2870 2043 2936 fulmen
2089 2871 2449 2955 Saguntino
2493 2871 2646 2955 igne
2692 2871 3024 2952 conflavit,
3090 2871 3307 2937 statim
3352 2868 3632 2953 quodam
3675 2868 3800 2933 im-

528 2981 681 3059 petu
738 2981 925 3059 rapta
977 2974 1227 3040 medias
1273 2973 1628 3059 perfraegit
1670 2975 1873 3058 Alpes
1918 2980 1984 3039 et
2027 2974 2095 3039 in
2140 2975 2399 3039 Italiam
2446 2975 2529 3040 ab
2574 2975 2708 3040 illis
2754 2976 3092 3041 fabolusae
3137 2973 3495 3039 altitudinis
3539 2972 3798 3037 nivibus
3837 2992 3895 3034 ²4

381 3104 422 3132 1:-
458 3092 509 3133 ¹0
535 3075 733 3143 velud
792 3077 972 3143 caelo
1029 3078 1229 3142 missa
1289 3077 1631 3143 discendit.
1726 3097 1805 3143 ac
1846 3077 2036 3162 primi
2080 3078 2340 3161 quidem
2384 3078 2664 3163 impetus
2708 3079 2894 3144 turbo
2938 3078 3108 3143 inter
3151 3078 3401 3143 Padum
3446 3082 3638 3159 atque
3682 3075 3801 3140 Ti-
3842 3079 3959 3141 185

529 3181 740 3245 cinum
809 3179 1025 3262 valido
1088 3181 1303 3246 statim
1364 3180 1620 3263 fragore
1679 3180 1988 3246 detonuit.
2081 3188 2215 3247 tum
2278 3180 2577 3265 Scipione
2638 3181 2801 3246 duce
2863 3180 3047 3246 fusus
3110 3180 3464 3245 exercitus:
3539 3177 3796 3245 saucius

532 3284 728 3350 etiam
787 3284 929 3369 ipse
986 3283 1276 3348 venisset
1334 3283 1401 3347 in
1447 3283 1725 3349 hostium
1770 3302 2001 3348 manus
2044 3284 2422 3368 imperator,
2489 3284 2617 3349 nisi
2662 3290 3015 3368 protectum
3058 3289 3306 3368 patrem
3352 3287 3797 3367 praetextatus

381 3413 423 3442 e·
455 3402 506 3443 11
536 3387 901 3453 ammodum
946 3387 1116 3453 filius
1163 3387 1245 3453 ab
1291 3389 1437 3472 ipsa
1481 3393 1680 3453 morte
1726 3386 2070 3471 rapuisset.
2162 3386 2268 3452 hic
2312 3387 2434 3452 erit
2480 3386 2733 3472 Scipio,
2798 3387 2909 3470 qui
2953 3384 3021 3451 in
3066 3385 3309 3451 exitum
3354 3384 3611 3451 Africae
3657 3405 3798 3450 cre-

378 3517 420 3546 e-
454 3505 507 3546 12
535 3491 687 3572 scit,
752 3511 985 3556 nomen
1045 3510 1125 3555 ex
1181 3491 1371 3555 malis
1432 3492 1571 3556 eius
1630 3489 1989 3556 habiturus.
2082 3491 2305 3557 Ticino
2367 3491 2608 3557 Trevia
2665 3490 2975 3557 succedit.
3068 3489 3173 3555 hic
3227 3488 3514 3556 secunda
3571 3488 3796 3553 Punici
3836 3494 3957 3556 186

530 3595 688 3660 belli
734 3595 1021 3679 procella
1065 3593 1359 3660 desaevit
1402 3594 1775 3678 Sempronio
1821 3594 2152 3660 consulae.
2244 3602 2377 3660 tum
2432 3594 2840 3660 callidissimi
2885 3595 3104 3658 hostes
3147 3592 3452 3675 frigidum
3499 3598 3565 3657 et
3606 3592 3790 3656 niva-
3832 3615 3892 3655 ao

533 3700 660 3763 lem
716 3698 934 3762 nancti
993 3697 1163 3763 diem
1226 3718 1370 3763 cum
1418 3717 1488 3763 se
1532 3698 1798 3781 ignibus
1844 3697 2059 3782 prius,
2125 3698 2266 3763 oleo
2311 3718 2564 3782 quoque
2610 3697 2923 3763 fovissent
2964 3734 3051 3743 —
3094 3696 3442 3761 horribilae
3489 3695 3663 3761 dictu
3706 3731 3794 3743 -

380 3828 427 3858 e·
460 3816 508 3857 13
541 3801 831 3867 homines
886 3822 927 3865 a
971 3800 1284 3867 meridiae
1330 3808 1394 3866 et
1439 3801 1576 3866 sole
1625 3801 1957 3866 venientes
2003 3808 2221 3866 nostra
2263 3820 2381 3867 nos
2423 3802 2640 3867 hieme
2684 3801 2992 3866 vicerunt.
3086 3800 3572 3884 Tharsymenus
3618 3798 3796 3864 lacus
3838 3803 3956 3865 187

530 3905 791 3971 tertium
849 3904 1094 3969 fulmen
1138 3904 1479 3970 Annibalis
1539 3905 1925 3989 imperatore
1972 3905 2384 3971 Flamminio.
2479 3925 2586 3970 ars
2645 3925 2814 3970 nova
2873 3903 3153 3969 Punicae
3211 3902 3489 3968 fraudis:
3555 3903 3793 3987 quippe

534 4008 774 4073 nebula
818 4008 1000 4072 lacus
1043 4007 1566 4091 palustribusque
1609 4007 1908 4089 virgultis
1953 4015 2156 4075 tectus
2202 4007 2527 4090 equitatus
2571 4015 2756 4090 terga
2800 4007 3013 4072 subito
3057 4006 3484 4091 pugnantium
3527 4004 3789 4070 invasit.

377 4138 421 4167 ο.
457 4126 506 4166 ¹⁴
536 4130 654 4176 nee
699 4109 781 4176 de
827 4109 953 4175 diis
997 4128 1340 4195 possumus
1383 4109 1604 4194 queri:
1654 4110 2091 4178 imminentem
2121 4111 2461 4178 temerario
2485 4111 2643 4177 ‘duci
2673 4111 2923 4176 cladem
2962 4109 3420 4195 praedixerant
3447 4107 3799 4173 insidentia
3836 4132 3897 4171 35

533 4213 738 4298 signis
794 4214 1096 4279 examina
1150 4221 1217 4279 et
1271 4214 1529 4297 aquilae
1589 4214 1844 4298 prodire
1899 4215 2192 4282 nolentes
2250 4214 2791 4296 commissamque
2848 4214 3057 4279 aciem
3107 4219 3367 4278 secutus
3410 4218 3620 4277 terrae
3664 4218 3798 4276 tre-

531 4338 697 4400 mor,
771 4316 897 4381 nisi
954 4317 1138 4381 illum
1194 4316 1520 4382 horrorem
1582 4318 1704 4382 soli
1761 4318 2088 4401 aequitum
2147 4318 2554 4401 virorumque
2614 4318 2943 4384 discursus
3003 4322 3069 4382 et
3124 4322 3297 4381 mota
3353 4314 3797 4380 vehementius

375 4447 421 4478 ο-
458 4436 507 4478 ¹⁵
533 4441 715 4486 arma
758 4420 1071 4485 fecerunt.
1166 4427 1485 4503 quartum,
1535 4419 1606 4485 id
1650 4427 1752 4486 est
1792 4441 1958 4506 pene
2003 4422 2297 4488 ultimum
2349 4422 2586 4486 vulnus
2630 4421 2886 4505 imperii
2930 4419 3216 4501 Cannae,
3267 4417 3572 4502 ignobilis
3614 4407 3807 4502 Apu-⁷
3839 4424 3958 4488 188

533 4524 662 4590 liae
703 4523 907 4606 vicus,
961 4522 1079 4589 sed
1121 4522 1566 4606 magnitudine
1613 4524 1820 4590 cladis
1864 4525 2144 4609 emersit,
2196 4533 2262 4591 et
2308 4524 2652 4607 sexaginta
2696 4522 2946 4588 milium
2992 4521 3192 4588 caede
3237 4528 3421 4608 parta
3465 4520 3792 4586 nobilitas.

701 4732 755 4778 H
781 4732 826 4779 Ρ
853 4733 893 4780 V
925 4732 1188 4792 Freculsus
1228 4738 1251 4781 1
1277 4770 1289 4793 ,
1332 4736 1395 4793 5,
1442 4735 1470 4780 7
1513 4732 1562 4794 (4
1598 4735 1775 4782 urebat
1807 4761 1877 4770 —
1914 4734 1942 4782 7
1980 4733 2271 4796 opulenta),
2336 4726 2529 4782 Paulus
2565 4734 2611 4783 11.
2654 4733 2713 4783 R.
2754 4734 2816 4790 3,
2862 4735 2891 4780 7
2935 4731 3019 4793 (14
3052 4733 3205 4780 huius
3240 4757 3307 4768 —-
3348 4729 3410 4779 18
3447 4730 3672 4790 effudit).
3728 4755 3800 4765 --

534 4818 663 4867 Mur.
702 4834 756 4880 p.
787 4818 917 4866 231·ι
953 4835 1002 4868 υ.
1038 4819 1101 4868 16
1138 4819 1245 4868 hoc.

704 4938 734 4987 2
771 4941 916 4987 annis
961 4940 1003 4987 V
1185 4936 1427 5006 cladium]
1463 4941 1659 5000 Florus,
1699 4939 1923 4999 gladium
1960 4938 2106 4986 HPV
2311 4939 2341 4988 3
2379 4941 2660 4988 terribilius
2698 4939 2878 4986 Florus
3087 4937 3119 4986 6
3155 4942 3375 4997 aguntus
3410 4937 3464 4983 H
3636 4933 3799 5003 uelut]

529 5041 626 5074 om.
658 5026 794 5074 Frec.
815 5040 831 5070 .·
860 5032 1008 5074 uetus
1037 5025 1170 5075 Flor.
1206 5026 1420 5087 (Bamb.)
1636 5024 1668 5074 9
1704 5039 1921 5086 querens
1947 5024 2002 5086 P,
2045 5030 2258 5086 querent
2285 5025 2348 5087 H,
2392 5033 2635 5086 quaerent
2670 5025 2711 5072 V
2904 5020 3136 5090 suorum]
3171 5024 3286 5072 libra·
3310 5028 3357 5071 et
3383 5024 3519 5072 Flor.
3558 5023 3797 5082 (Bamb.),

531 5113 754 5172 ipsorum
784 5111 915 5158 Flor.
945 5111 1108 5172 (Nax.)
1332 5110 1392 5161 lo
1430 5113 1564 5161 ociae
1591 5112 1636 5158 P
1844 5110 1898 5159 11
1942 5125 2124 5159 armam
2148 5111 2297 5157 HPV
2505 5108 2568 5158 12
2605 5113 2742 5159 sume
2770 5109 2854 5170 V‘,
2882 5112 3013 5158 some
3044 5096 3114 5156 γὸ
3327 5108 3388 5157 13
3425 5111 3699 5157 immanem
3723 5105 3801 5175 in]

533 5197 689 5256 nor„
729 5199 1054 5244 immanenim
1082 5197 1192 5257 ΗΡ,
1235 5199 1544 5246 immanenin
1585 5198 1623 5244 V
1829 5192 1963 5262 tum]
1999 5183 2115 5243 HP⁶
2143 5197 2300 5256 Flor„
2344 5196 2465 5243 dum
2493 5195 2616 5243 P‘V
2822 5194 2885 5243 14
2921 5202 3066 5243 autor
3090 5191 3375 5261 111111.]ΗΡ,
3419 5209 3536 5244 ann.
3566 5200 3737 5242 auctor
3766 5196 3805 5242 V

539 5282 595 5332 15
632 5284 779 5345 penis
807 5282 904 5331 ΗΡ
1108 5283 1171 5332 16
1207 5281 1420 5351 1101111111]
1446 5284 1650 5346 Paulus,
1694 5285 1828 5331 bello
1856 5282 1996 5331 HPV
2198 5281 2256 5330 17
2295 5283 2483 5330 bellum
2509 5278 2719 5348 bellum]
2744 5282 2849 5342 PV,
2878 5283 3066 5330 bellum
3093 5282 3146 5328 H
3171 5281 3363 5330 Paulus
3562 5280 3625 5329 19
3662 5277 3801 5347 nam]

531 5385 558 5418 0
595 5383 745 5418 manu
784 5384 897 5417 nam
945 5370 984 5416 V
1190 5369 1248 5418 21
1293 5371 1382 5431 qui
1416 5366 1497 5434 id]
1536 5369 1671 5419 Flor.
1706 5368 1946 5431 (Bamb.),
1989 5369 2113 5430 quid
2152 5369 2202 5417 id
2241 5369 2397 5428 HPV,
2441 5369 2560 5429 quid
2608 5370 2717 5430 (om.
2760 5369 2831 5430 id)
2874 5369 3007 5417 Ftor.
3055 5368 3216 5429 (Naz.)
3432 5365 3496 5414 25
3536 5367 3625 5414 hac
3664 5365 3807 5412 HPV

532 5455 596 5504 26
633 5458 800 5516 fagore
828 5455 926 5502 ΗΡ
1130 5454 1197 5505 28
1233 5457 1358 5517 quin
1390 5457 1434 5503 P
1604 5452 1824 5522 exitum]
1850 5456 1993 5504 HPV
2015 5441 2148 5503 Flor.
2181 5454 2423 5518 (Rama),
2467 5457 2683 5502 exitium
2711 5455 2845 5502 Flor.
2877 5454 3039 5517 (Nax.)
3254 5452 3319 5502 29
3357 5453 3658 5500 habuiturus
3685 5451 3795 5512 ΗΡ,

533 5542 832 5590 111111141111118
868 5542 907 5588 V
1096 5538 1284 5607 treuia]
1313 5542 1371 5601 P,
1413 5548 1578 5590 trenta
1602 5541 1703 5589 HV
1909 5541 1971 5590 30
2010 5542 2390 5589 callindissimi
2418 5541 2465 5587 P
2670 5540 2727 5589 31
2772 5542 2983 5602 oleoque
3011 5541 3142 5587 Flor.
3358 5537 3422 5587 32
3460 5539 3803 5586 tharsimenus

547 5628 611 5673 V:
649 5629 1004 5686 thrasymenus
1043 5627 1174 5676 Flor.
1210 5627 1423 5690 (Bamb.)
1660 5627 1725 5676 33
1762 5629 1948 5675 1111111011
1996 5628 2036 5675 V
2241 5627 2304 5674 37
2345 5634 2484 5675 motu
2521 5627 2665 5674 HPV
2872 5625 2937 5674 39
2976 5627 3146 5674 uictus
3182 5624 3280 5673 ΗΡ
3484 5624 3571 5672 sed
3608 5625 3804 5684 magni·

536 5711 735 5784 tudine]
772 5714 865 5762 PV
887 5715 1080 5773 Florus,
1122 5714 1184 5762 ad
1223 5713 1622 5776 magnitudinem
1662 5714 1714 5761 Η
