4882 6775
1195 424 1337 488 LIV
2582 422 3043 478 Pnoonmvu.

1366 648 1810 714 Mouscnxsm
1855 648 2352 714 Ponnmesusls
2397 669 2462 712 n.
2522 650 2724 712 11306
2771 666 2941 713 saec.
2991 648 3143 712 XII.
3234 646 3451 713 insunt
3494 647 3756 713 Eusebii
3801 647 4073 713 historia
4130 648 4452 714 ecclesia-

1194 767 1359 833 stica
1402 788 1444 832 a
1473 768 1697 833 Rufino
1728 767 1959 833 Latine
2004 788 2211 849 versa,
2265 768 2558 834 Iordanis
2587 770 2878 834 Romana
2922 787 3063 833 cum
3110 768 3390 834 carmine
3420 767 3684 833 Honorii
3731 767 4149 851 eiusdemque
4180 768 4440 847 Getica,

1195 888 1419 953 Karoli
1465 888 1850 970 Alcuinique
1895 888 2212 973 epistulae
2256 889 2594 973 quaedam.
2692 888 2922 954 classis
2966 887 3211 973 primae
3256 895 3389 969 est,
3453 908 3604 953 nam
3662 887 3857 954 habet
3913 888 3983 953 in
4038 888 4452 973 praefatione

1193 1007 1558 1074 Geticorum
1603 1028 1669 1093 p.
1709 1012 1812 1092 53,
1853 1013 1890 1074 3
1936 1012 2222 1073 subuectu
2265 1014 2524 1094 nauiyii,
2574 1031 2640 1094 p.
2680 1012 2782 1088 53,
2824 1012 2860 1072 8
2907 1013 3070 1073 dura
3117 1012 3375 1091 imperia
3418 1012 3562 1091 (om.
3614 1010 3814 1093 satis),
3868 1008 4019 1074 item
4066 1031 4129 1094 p.
4173 1012 4314 1089 127,
4368 1012 4449 1071 13

1192 1128 1379 1194 abest
1433 1139 1486 1192 et
1529 1132 1812 1193 uidimer.
1906 1130 1974 1194 in
2018 1129 2319 1195 Romanis
2373 1129 2660 1214 proxime
2716 1129 2968 1196 accedit
3023 1129 3109 1194 ad
3165 1129 3396 1194 librum
3443 1128 3799 1194 Parisinum
3848 1132 4015 1193 4860
4075 1128 4448 1213 descriptus

1195 1249 1335 1314 sine
1380 1249 1575 1315 dubio
1618 1244 1855 1334 etipse
1885 1270 1966 1314 ex
1996 1249 2331 1333 Augiensi.
2406 1250 2524 1315 sed
2567 1257 2630 1316 et
2673 1250 3090 1334 neglegenter
3133 1250 3408 1335 scriptus
3455 1255 3519 1315 et
3562 1249 3713 1314 licet
3754 1249 4041 1315 modeste
4085 1249 4450 1333 interpola-

1191 1374 1294 1433 tus
1339 1369 1737 1435 soloecismis
1781 1369 2185 1453 aliquatenus
2232 1371 2525 1436 sublatis.
2606 1376 2775 1436 recte
2820 1392 2883 1455 p.
2937 1373 3041 1451 68,
3098 1374 3174 1434 16
3221 1370 3521 1436 librarius
3565 1391 3778 1453 cyrum
3822 1369 4002 1435 dedit
4044 1391 4160 1454 pro
4203 1390 4438 1451 cymm,

1193 1488 1309 1554 sed
1354 1509 1434 1554 ex
1479 1490 1874 1571 coniectura,
1928 1511 2071 1555 cum
2114 1491 2180 1555 in
2240 1492 2363 1557 hac
2405 1490 2681 1557 lectione
2740 1495 2805 1555 et
2859 1490 3039 1574 probi
3096 1490 3244 1556 libri
3303 1490 3701 1556 consentiant
3744 1498 3808 1556 et
3863 1491 4005 1575 ipse
4062 1491 4440 1555 Ravennas.

1189 1608 1484 1674 adhibuit
1540 1610 1773 1675 librum
1828 1610 1914 1676 ad
1958 1611 2217 1675 Florum
2276 1610 2541 1676 Iahnius
2595 1610 3103 1694 contulimusque
3163 1631 3307 1676 eum
3368 1610 3454 1675 ad
3511 1612 3800 1676 Romana
3844 1631 4001 1694 ego,
4066 1609 4154 1675 ad
4213 1609 4450 1675 Getica

1190 1729 1651 1797 Bethmannus.
1745 1736 1813 1796 at
1868 1751 1995 1796 non
2052 1732 2257 1796 solum
2299 1731 2368 1795 in
2413 1732 2606 1816 pleno
2665 1736 2980 1816 apparatu
3038 1731 3216 1797 locus
3260 1732 3476 1797 nullus
3536 1732 3597 1797 ei
3652 1730 3908 1796 dandus
3966 1730 4114 1813 fuit,
4181 1730 4298 1795 sed
4358 1749 4476 1794 ne·

1188 1850 1517 1934 specimen
1560 1850 1819 1932 quidem
1865 1852 2157 1917 lectionis
2201 1850 2564 1917 adscribere
2607 1872 2842 1936 operae
2886 1852 3162 1936 pretium
3205 1852 3414 1918 visum
3460 1858 3579 1917 est.

796 1991 1158 2094 ”⁰¹3{,¹,‘1'§⁰1¹,³15⁰J,{
1356 1986 1461 2052 Ad
1505 1989 1868 2073 exemplum
1913 2010 1955 2054 a
1982 1990 2428 2055 anrmonno
2474 1996 2828 2075 acceptum,
2881 1989 2951 2054 id
2991 1989 3203 2073 ipsum
3247 1989 3471 2075 opinor
3513 1989 3684 2073 quod
3712 1989 3778 2054 in
3808 1988 4237 2054 bibliothecae
4269 1989 4444 2055 Peu-

1186 2109 1566 2192 tingeranae
1619 2109 1909 2193 catalogo
1965 2130 2085 2176 ms.
2163 2111 2349 2194 (inter
2404 2110 2679 2176 schedas
2737 2112 2948 2176 Lucae
3005 2110 3322 2176 Holstenii
3368 2110 3507 2176 cod.
3561 2110 3751 2176 Barb.
3806 2111 3908 2192 38,
3961 2110 4066 2192 90)
4137 2128 4447 2175 recense-

1185 2235 1287 2294 tur
1331 2229 1456 2294 sic:
1518 2228 1845 2295 ‘Iordanis
1889 2230 2173 2315 episcopi
2216 2231 2383 2296 liber
2427 2230 2509 2296 de
2554 2250 2802 2296 summa
2845 2237 3198 2315 temporum
3244 2231 3348 2297 vel
3396 2230 3644 2314 origine
3688 2230 4061 2312 actibusque
4105 2231 4444 2295 Romanae

1191 2350 1494 2433 ‘gentis‘,
1547 2351 1785 2416 Beatus
1816 2351 2163 2416 Rhenanus
2193 2352 2482 2416 Romana
2509 2350 2802 2417 Iordanis
2845 2351 3086 2436 primus
3119 2351 3320 2417 edidit
3347 2356 3489 2436 post
3519 2351 3889 2436 Procopium
3922 2350 4150 2416 Latine
4180 2369 4443 2415 versum

1186 2470 1486 2535 Basileae
1517 2492 1578 2535 a.
1623 2475 1807 2535 1531.
1886 2471 2000 2537 ille
2043 2471 2207 2537 liber
2236 2472 2347 2537 ubi
2392 2471 2583 2537 hodie
2627 2473 2727 2554 sit,
2779 2472 3040 2556 ignoro:
3094 2472 3442 2555 pessimum
3488 2471 3690 2537 fuisse
3735 2473 3840 2536 vel
3888 2478 4057 2536 certe
4087 2472 4440 2556 pessimam

1183 2590 1738 2675 interpolationem
1782 2590 1934 2656 inde
1977 2591 2294 2677 prodiisse
2339 2592 2692 2658 subiectum
2739 2594 3063 2677 specimen
3081 2594 3153 2675 97)
3209 2593 3517 2659 declarat.

1360 2727 1778 2796 OxomENSIS
1838 2728 2269 2795 Seldenianus
2320 2734 2395 2794 16
2468 2732 2678 2813 (antea
2737 2729 2916 2795 Seld.
2984 2732 3170 2810 3362)
3239 2750 3409 2796 saec.
3474 2731 3603 2795 XII
3661 2730 3768 2795 vel
3827 2729 3988 2794 XIII
4055 2729 4157 2812 (cf.
4225 2729 4440 2794 Waitz

1188 2853 1385 2912 Neues
1431 2847 1658 2913 Archiv
1704 2853 1766 2932 4,
1819 2851 1963 2932 384)
2020 2850 2298 2917 continet
2341 2857 2643 2936 excerpta
2698 2872 2780 2917 ex
2824 2850 3007 2916 libris
3052 2851 3316 2916 Catonis
3362 2851 3445 2917 de
3489 2850 3864 2934 originibuS,
3918 2850 4186 2930 Iustino,
4239 2849 4428 2927 aliis;

1188 2968 1518 3050 Orosium;
1572 2970 1944 3055 Eutropium
1991 2977 2055 3037 et
2097 2970 2284 3035 Pauli
2324 2971 2612 3036 Romana
2655 2970 2836 3036 libris
2880 2971 3034 3051 XV;
3087 2971 3380 3037 Iordanis
3425 2973 3716 3037 Romana
3760 2970 4062 3036 distincta
4103 2970 4172 3034 in
4219 2969 4438 3055 capita

1187 3089 1427 3169 XCV1;
1480 3090 2029 3157 abbreviationem
2073 3090 2383 3157 Willelmi
2428 3090 2511 3157 de
2556 3092 2758 3174 gestis
2801 3092 3205 3175 sequentium
3249 3091 3735 3177 imperatorum3
3805 3089 4088 3157 codicem
4134 3088 4438 3156 Theodo—

1186 3210 1461 3277 sianum.
1569 3211 1908 3296 Inscriptio
1969 3211 2116 3278 libri
2175 3217 2273 3278 est
2337 3211 2664 3277 ‘Iordanis
2722 3212 3008 3297 episcopi
3062 3213 3454 3278 Ravennatis
3519 3213 3776 3278 natione
3832 3211 4027 3277 Gothi
4088 3212 4169 3277 de
4227 3211 4436 3295 gestis

1193 3331 1653 3398 ‘Romanorum
1698 3333 1782 3398 ad
1825 3332 2132 3417 Vigilium
2178 3331 2680 3399 adbreviationis
2740 3332 2904 3400 liber
2956 3333 3228 3419 incipit’‚
3313 3333 3419 3400 ubi
3477 3334 3648 3416 quod
3707 3332 3999 3399 Iordanis
4065 3332 4437 3419 appellatur

1185 3454 1563 3535 Ravennas,
1645 3461 1898 3540 praeter
1967 3455 2135 3520 hunc
2195 3454 2429 3520 librum
2491 3460 2556 3520 et
2614 3461 2985 3536 sequentem
3045 3455 3112 3521 in
3174 3456 3351 3521 nullo
3410 3455 3538 3520 alio
3601 3455 4028 3520 Romanorum
4087 3454 4255 3520 redit
4322 3453 4427 3536 (cf.

1183 3594 1250 3659 p.
1287 3573 1496 3656 XIII).
1573 3574 1720 3659 ipse
1764 3575 1986 3657 eodelr,
2041 3575 2222 3641 cuius
2264 3581 2512 3660 partem
2559 3581 2908 3641 extremam
2952 3575 3104 3640 inde
3148 3596 3189 3640 a
3232 3596 3286 3640 c.
3342 3579 3463 3640 364
3511 3575 3810 3641 collatam
3855 3574 4054 3640 habui
4096 3595 4138 3640 a
4180 3573 4428 3656 Paullo,

1184 3694 1426 3759 nullius
1471 3693 1766 3760 utilitatis
1810 3700 1911 3760 est
1950 3701 2194 3761 textum
2240 3695 2476 3762 sistens
2520 3701 2717 3761 totum
2764 3716 2845 3762 ex
2889 3696 3150 3762 arbitrio
3193 3696 3602 3762 reformatum
3621 3697 3692 3779 98)
3712 3746 3726 3760 .

1358 3830 1780 3899 Oxomsusls
1839 3832 2095 3916 collegii
2147 3833 2559 3899 Balliolensis
2612 3855 2678 3899 n.
2734 3835 2854 3897 125
2924 3835 3254 3917 (memorat
3312 3855 3456 3900 eum
3515 3832 3843 3900 Lelandus
3903 3832 4151 3898 collect.
4205 3836 4263 3913 3,
4319 3834 4422 3912 62)

1190 3970 1361 4017 saec.
1412 3950 1532 4014 XV
1578 3971 1720 4016 cum
1765 3951 2283 4018 adnotationibus
2328 3953 2635 4018 Gulielmi
2679 3954 3298 4037 Malmesburiensis‚
3365 3955 3697 4020 continens
3757 3953 3985 4020 eadem
4047 3952 4182 4019 fere
4237 3960 4431 4035 atque

1189 4072 1652 4153 Seldenianu8‚
1715 4073 1783 4136 in
1842 4071 1944 4137 his
1988 4072 2280 4139 Iordanis
2314 4074 2614 4140 Romana
2657 4095 2800 4140 cum
2843 4074 3054 4141 indice
3099 4074 3287 4177 modo
3332 4075 3567 4156 relato,
3635 4075 3990 4160 descriptus
4042 4073 4126 4139 sit
4166 4091 4432 4138 necesse

1188 4199 1288 4258 est
1329 4213 1412 4259 ex
1455 4213 1532 4296 eo
1575 4192 1685 4276 qui
1729 4192 2076 4278 praecedit.

1360 4315 1724 4381 PA131smvs
1756 4314 1900 4379 Lat.
1937 4336 2001 4379 n.
2040 4317 2207 4379 2467
2241 4333 2411 4381 saec.
2450 4316 2579 4380 XII
2610 4315 2890 4381 continet
2918 4316 3324 4400 Berengaudi
3357 4315 3817 4401 expositionem
3847 4315 3914 4380 in
3944 4313 4420 4400 Apocalypsim,

1358 4610 1440 4673 97)
1485 4627 1529 4660 c.
1572 4610 1875 4663 302—304:
1916 4626 1966 4673 p.
1998 4610 2080 4674 38,
2123 4611 2188 4660 35
2224 4611 2549 4660 diocletianus
2584 4626 2780 4674 semper
2815 4639 2881 4647 —
2919 4613 3284 4673 triumpharunt
3317 4640 3386 4649 —-
3421 4628 3474 4674 p.
3516 4611 3597 4672 39,
3648 4611 3666 4660 1
3709 4611 4101 4660 antecedentibus
4135 4611 4225 4658 sibi
4250 4606 4432 4674 liberis]

1185 4715 1244 4747 ac
1269 4699 1329 4746 de
1355 4698 1518 4746 liberis
1542 4697 1819 4747 cedentibus
1853 4698 1947 4747 sibi
1982 4699 2142 4746 liberis
2175 4725 2245 4733 —
2281 4697 2311 4746 5
2348 4696 2820 4765 cappadociamque]
2858 4701 2912 4748 in
2945 4700 3249 4760 cappadocia
3490 4713 3532 4747 c.
3563 4697 3865 4746 358—362:
3906 4713 3956 4760 p.
3987 4697 4073 4757 46,
4103 4695 4167 4744 20
4204 4696 4432 4756 ayyredi-

1186 4789 1268 4832 tur
1302 4811 1371 4820 —
1405 4785 1544 4832 mula
1579 4783 1804 4833 insedens
1839 4798 1936 4835 om.
1978 4812 2046 4820 —
2083 4783 2142 4833 21
2187 4787 2414 4833 inimicus
2448 4811 2518 4821 ·-—
2554 4783 2618 4833 22
2658 4788 2771 4833 item
2805 4786 2996 4848 rufinus
3043 4786 3345 4847 alathortque
3389 4799 3524 4844 may.
3571 4780 3706 4850 mil.]
3755 4787 3930 4832 iterum
3978 4798 4099 4832 suus
4144 4784 4436 4844 yubernator

1184 4874 1507 4932 maqisterque
1526 4872 1745 4919 militum
1766 4897 1836 4907 ·—
1859 4871 1924 4920 24
1949 4872 2238 4933 nulliusque
2272 4899 2341 4907 -
2364 4886 2417 4933 p.
2448 4871 2532 4931 47,
2574 4871 2603 4920 2
2627 4886 2729 4920 exc.
2760 4873 2894 4920 hum.
2935 4899 3004 4907 —
3039 4873 3068 4921 3
3095 4874 3469 4934 aliquantulum
3503 4897 3571 4907 -
3608 4870 3638 4918 4
3664 4869 3996 4919 excubitorum
4029 4897 4099 4905 —
4135 4870 4166 4918 5
4191 4870 4435 4915 misaelem

1184 4985 1254 4994 —
1292 4957 1318 5005 7
1356 4959 1610 5005 misaelem
1642 4984 1711 4992 —
1740 4958 1997 5018 perdicam
2033 4985 2101 4993 —
2137 4959 2340 5005 exilium
2374 4984 2444 4993 —
2481 4957 2512 5006 8
2549 4955 2699 5024 idem]
2736 4958 2864 5007 idem
2900 4973 3084 5021 quoque
3117 4985 3186 4993 -—-
3222 4958 3253 5006 9
3294 4960 3512 5008 conlusit
3547 4954 3841 5023 inyentibus]
3878 4959 4126 5017 contisque
4162 4954 4434 5016 inqentibus

1185 5057 1381 5090 caesum
1416 5069 1485 5077 —
1518 5044 1703 5092 salsum
1727 5046 1778 5091 in
1801 5049 2046 5106 yuryitem
2070 5047 2180 5093 iecit
2202 5072 2270 5080 —
2292 5047 2545 5106 sepultura
2568 5041 2703 5111 cum]
2726 5048 2971 5105 sepultum
2996 5050 3160 5094 tamen
3193 5072 3262 5080 —
3303 5044 3364 5093 10
3391 5049 3652 5094 euocatum
3686 5071 3754 5080 —
3795 5043 3851 5092 11
3876 5048 4180 5104 praesentem
4203 5073 4271 5081 —
4298 5040 4433 5089 ordi-

1186 5127 1409 5197 narium]
1435 5130 1658 5178 ordinari
1692 5135 1800 5177 tum
1835 5158 1903 5166 —
1942 5131 2001 5180 12
2039 5135 2318 5192 suspicione
2339 5159 2411 5168 —
2428 5147 2511 5193 pr.
2538 5134 2664 5195 facti
2690 5158 2750 5168 —
2785 5132 2844 5180 13
2881 5132 3167 5191 confossum
3200 5135 3397 5193 perimit
3419 5159 3489 5168 —-
3510 5127 3608 5196 hic]
3632 5130 3716 5178 hoc
3739 5157 3807 5165 -
3832 5135 3943 5178 ante
3971 5134 4198 5191 quartum
4221 5142 4435 5176 mensem

1186 5243 1256 5251 —
1290 5219 1527 5264 senectuti
1559 5230 1680 5264 suae
1904 5231 1948 5267 c.
1990 5217 2289 5267 386-388:
2334 5234 2383 5281 p.
2428 5217 2512 5280 52,
2555 5217 2584 5265 3
2622 5218 3036 5278 lonyobardorum
3069 5245 3139 5253 —
3175 5218 3452 5266 theodahati
3487 5245 3554 5253 —
3593 5217 3623 5265 6
3661 5214 3759 5282 LX]
3795 5215 4128 5278 quadrayinta
4162 5242 4230 5251 —
4260 5229 4438 5276 puyna

1187 5318 1283 5351 om.
1324 5328 1394 5338 -—
1442 5301 1469 5350 7
1509 5303 1652 5350 illam
1691 5328 1758 5338 —
1794 5303 1884 5352 hac
1918 5329 1987 5339 —
2024 5303 2054 5352 8
2088 5305 2196 5355 mil.
2238 5301 2388 5370 idem]
2423 5304 2589 5352 milicie
2622 5331 2692 5340 —
2726 5304 2914 5366 yepidis
2949 5332 3018 5340 —
3051 5304 3336 5353 mundionis
3370 5332 3440 5341 —
3480 5303 3539 5352 10
3566 5304 3652 5352 liae
3677 5308 3792 5351 sunt
3827 5317 4005 5351 causae
4038 5330 4109 5339 —
4145 5304 4435 5352 instantiam

1188 5388 1525 5450 quotidianam
1565 5389 1887 5450 bulyarorum
1926 5394 2163 5438 antarum
2194 5414 2263 5425 ——
2314 5390 2372 5439 12
2410 5390 2677 5451 trayoedia.
2715 5417 2785 5426 —
2821 5391 3022 5441 Subscr.
3065 5392 3298 5441 Iordanis
3333 5392 3392 5438 de
3427 5404 3690 5451 reynerum
3724 5406 3785 5440 ac
3821 5395 4093 5451 temporum
4138 5392 4434 5438 successione

1187 5474 1301 5524 libri
1332 5477 1462 5540 finis.

1361 5560 1443 5624 98)
1488 5560 1750 5625 Spectmen
1786 5561 1939 5610 adieci
1976 5576 2017 5610 c.
2060 5560 2359 5611 386—388:
2401 5577 2453 5624 p.
2498 5562 2580 5622 52,
2614 5564 2643 5611 3
2679 5562 2969 5612 theodohadi
3004 5578 3128 5613 corr.
3168 5564 3222 5612 in
3259 5561 3485 5612 theodarii
3519 5588 3588 5599 —-
3625 5562 3656 5611 6
3692 5559 3791 5628 Lx]
3826 5576 3975 5624 quam
4011 5563 4341 5624 quadrayinta
4367 5590 4434 5598 —

1192 5647 1218 5694 'a'
1260 5648 1401 5695 illam
1436 5675 1505 5685 —
1537 5663 1669 5709 may.
1711 5649 1816 5696 mil.
1860 5647 1987 5696 idem
2022 5662 2120 5696 om.
2160 5673 2230 5682 —
2266 5646 2295 5696 8
2332 5648 2523 5709 yepidis
2556 5676 2626 5685 —
2662 5650 2693 5697 9
2726 5647 2931 5717 pariter]
2965 5652 3149 5711 partim
3182 5675 3251 5685 -
3295 5648 3355 5697 12
3392 5648 3590 5712 <tiquam
3627 5649 3848 5716 trayedia
3883 5652 4040 5700 nostri
4075 5651 4300 5714 temporis
4335 5663 4436 5700 rem

1187 5734 1453 5798 publicam.
1494 5761 1562 5769 —
1600 5734 1911 5799 Subscriptio
1948 5734 2118 5786 eadem
2156 5740 2235 5785 est
2270 5739 2419 5800 atque
2457 5736 2730 5802 inscriptio·
