4882 6775
1977 471 2279 529 GETIGA.
2509 484 2512 507 ³
3639 481 3664 539 1
3678 479 3753 542 31

504 670 642 728 octo
685 681 887 726 annos
931 681 1269 745 peragens,
1321 662 1542 727 ascitis
1587 662 1773 728 certis
1818 682 1899 727 ex
1931 662 2317 729 satellitibus
2345 664 2549 748 patris
2580 670 2644 729 et
2674 683 2752 728 ex
2782 665 3019 748 populo
3050 671 3369 730 amatores
3400 665 3526 730 sibi
3558 665 3761 730 clien-
3807 664 3915 729 LV

503 773 726 847 tesque
773 764 1162 842 consociam,
1215 784 1422 849 paene
1468 784 1583 829 sex
1626 764 1808 829 milia
1852 765 2045 847 viros,
2099 787 2242 831 cum
2287 766 2522 848 quibus
2567 767 2890 832 inconscio
2933 775 3120 851 patre
3164 786 3423 833 emenso
3460 768 3759 833 Danubio

507 888 700 953 super
729 867 932 932 Babai
965 867 1400 931 Sarmatarum
1446 888 1598 951 rege
1646 868 1962 951 discurrit,
2015 869 2125 952 qui
2168 877 2316 955 tunc
2360 870 2443 935 de
2475 869 2807 935 Camundo
2839 870 3005 935 duce
3037 871 3465 935 Romanorum
3495 870 3763 935 victoria

505 971 742 1056 potitus
790 969 1133 1054 superbiae
1177 978 1422 1035 tumore
1453 972 1790 1054 regnabat,
1844 991 2046 1055 eoque
2078 973 2538 1058 superveniens
2568 973 3005 1038 Theodoricus
3035 974 3356 1040 interemit
3386 973 3762 1054 familiaque

444 1094 470 1132 ⁵
509 1082 574 1140 et
617 1092 814 1139 censu
875 1073 1282 1157 depraedans
1343 1073 1428 1138 ad
1473 1074 1823 1157 genitorem
1874 1096 2059 1140 suum
2106 1095 2247 1140 cum
2294 1075 2559 1140 victoria
2603 1076 2957 1160 repedavit.
3054 1076 3482 1159 Singidunum
3529 1075 3763 1140 dehinc

508 1177 849 1256 civitatem,
905 1196 1094 1259 quam
1140 1176 1264 1260 ipsi
1297 1175 1629 1243 Sarmatae
1675 1185 2122 1263 occupassent,
2177 1179 2513 1259 invadens,
2570 1200 2697 1243 non
2742 1178 3045 1244 Romanis
3090 1179 3389 1259 reddidit,
3443 1179 3560 1244 sed
3604 1198 3761 1244 suae

506 1279 807 1344 subdedit
850 1279 1106 1344 dicioni.
3982 1349 3985 1352 ,

678 1380 1114 1446 Minuentibus
1176 1381 1414 1448 deinde
1476 1383 1624 1448 hinc
1676 1383 1826 1449 inde
1872 1384 2224 1449 vicinarum
2284 1384 2576 1467 gentium
2622 1385 2846 1469 spoliis
2905 1386 3117 1469 coepit
3175 1393 3240 1451 et
3285 1384 3514 1450 Gothis
3559 1384 3768 1450 victus
3815 1384 3956 1449 LVI
4002 1386 4130 1448 283

508 1484 905 1566 vestitusque
951 1482 1178 1550 deesse
1227 1492 1291 1550 et
1336 1486 1723 1567 hominibus,
1778 1488 2009 1569 quibus
2056 1487 2298 1552 dudum
2347 1488 2521 1552 bella
2556 1488 2862 1552 alimonia
2895 1489 3345 1572 prestitissent,
3396 1509 3526 1573 pax
3557 1487 3769 1571 coepit

413 1608 470 1649 ιο
512 1607 656 1653 esse
704 1587 1054 1668 contraria,
1121 1608 1470 1671 omnesque
1517 1610 1662 1654 cum
1707 1610 1943 1672 magno
1989 1591 2266 1655 clamore
2312 1591 2399 1655 ad
2444 1610 2663 1673 regem
2709 1591 3089 1656 Thiudimer
3144 1591 3528 1656 accedentes
3575 1589 3767 1655 Gothi

508 1697 710 1772 orant,
764 1710 1163 1774 quacumque
1210 1700 1394 1776 parte
1440 1693 1640 1774 vellit,
1694 1700 1941 1758 tantum
1988 1692 2280 1758 ductaret
2323 1694 2695 1759 exercitum.
2793 1694 2902 1777 qui
2948 1694 3152 1760 accito
3197 1715 3502 1778 germano
3533 1693 3768 1758 missa-

507 1816 630 1877 que
677 1801 846 1859 sorte
892 1793 1180 1859 hortatus
1228 1802 1344 1876 est,
1400 1802 1468 1861 ut
1512 1796 1624 1860 ille
1670 1796 1735 1860 in
1783 1804 1962 1880 parte
2003 1797 2256 1877 Italiae,
2311 1797 2421 1861 ubi
2465 1804 2618 1861 tunc
2648 1796 2990 1880 Glycerius
3035 1797 3350 1879 regnabat
3389 1796 3759 1880 imperator,

505 1898 645 1982 ipse
691 1916 842 1961 vero
889 1897 1054 1961 sicut
1096 1896 1317 1961 fortior
1360 1898 1446 1963 ad
1491 1898 1817 1964 fortiorem
1864 1920 2133 1982 regnum
2181 1899 2520 1966 accederet
2550 1900 2972 1966 Orientalem:
3031 1899 3202 1982 quod
3247 1906 3312 1964 et
3354 1899 3595 1964 factum
3641 1907 3759 1964 est.

509 2009 573 2067 et
625 2020 774 2064 mox
818 1999 1105 2065 Vidimer
1155 1999 1384 2065 Italiae
1443 2009 1648 2066 terras
1703 2002 1996 2084 intravit,
2059 2010 2412 2067 extremum
2475 2003 2593 2068 fati
2652 2022 2883 2067 munus
2930 2003 3206 2067 reddens
3250 2001 3442 2067 rebus
3488 2002 3768 2067 excessit
3813 2006 3935 2067 284

410 2123 469 2164 15
506 2103 826 2183 humanis,
880 2121 1313 2167 successorem
1360 2104 1726 2186 relinquens
1758 2104 2045 2169 Vidimer
2087 2104 2290 2169 filium
2324 2124 2639 2187 suumque
2671 2125 3120 2189 synonymum.
3208 2125 3397 2189 quem
3432 2104 3772 2188 Glycerius

507 2210 851 2292 imperator
894 2205 1266 2272 muneribus
1314 2206 1483 2271 datis
1530 2206 1610 2271 de
1656 2207 1848 2272 Italia
1891 2207 1977 2271 ad
2014 2207 2273 2272 Gallias
2318 2208 2679 2290 transtulit,
2743 2229 2910 2290 quae
2956 2229 2997 2273 a
3042 2209 3317 2274 diversis
3363 2208 3772 2273 circumcirca

510 2309 809 2395 gentibus
854 2309 1365 2393 praemebantur,
1418 2329 1718 2375 asserens
1767 2310 2014 2376 vicinos
2058 2311 2149 2375 ibi
2180 2311 2586 2393 vesegothas
2632 2331 2849 2377 eorum
2896 2319 3196 2395 parentes
3225 2331 3518 2393 regnare.
3615 2311 3774 2392 quid

508 2415 821 2479 multum?
881 2411 1169 2476 Vidimer
1214 2413 1495 2496 acceptis
1541 2412 1914 2478 muneribus
1962 2412 2281 2494 simulque
2310 2413 2634 2479 mandata
2677 2435 2719 2479 a
2752 2413 3051 2496 Glycerio
3095 2414 3478 2499 imperatore
3518 2413 3771 2479 Gallias

511 2516 717 2583 tendit
773 2534 1044 2596 seseque
1107 2534 1248 2578 cum
1308 2515 1685 2598 parentibus
1734 2516 2118 2599 Vesegothis
2175 2516 2454 2600 iungens
2500 2537 2694 2580 unum
2756 2535 2985 2600 corpus
3031 2516 3349 2596 efficiunt,
3414 2522 3485 2581 ut
3528 2515 3770 2581 dudum

411 2638 473 2681 20
515 2622 803 2699 fuerant,
871 2626 934 2682 et
995 2617 1087 2682 sic
1134 2617 1385 2683 Gallias
1448 2618 1851 2703 Spaniasque
1914 2626 2209 2685 tenentes
2270 2640 2385 2684 suo
2440 2619 2567 2684 iuri
2626 2619 3015 2700 defendunt,
3083 2626 3154 2685 ut
3210 2620 3427 2685 nullus
3471 2619 3560 2684 ibi
3607 2619 3777 2684 alius

512 2723 893 2810 prevaleret.
1707 2725 1711 2729 ’

680 2822 1064 2889 Thiudimer
1106 2829 1353 2905 autem,
1426 2823 1624 2889 frater
1683 2825 1926 2903 senior,
2002 2844 2147 2889 cum
2195 2825 2329 2889 suis
2374 2825 2605 2890 transit
2650 2825 2843 2891 Saum
2892 2845 3146 2890 amnem
3194 2824 3505 2891 Sarmatis
3550 2823 3772 2890 militi-
3817 2829 3940 2891 285

509 2930 757 3012 busque
801 2925 1222 2991 interminans
1266 2925 1547 3008 bellum,
1616 2928 1670 2992 si
1716 2928 1918 3010 aliqui
1963 2929 2025 2992 ei
2070 2928 2374 2993 obstaret.
2468 2929 2641 3011 quod
2682 2928 2783 2994 illi
2825 2936 3124 2995 verentes
3169 2928 3526 3011 quiescunt,
3581 2927 3772 3007 immo

509 3052 629 3097 nec
672 3029 1051 3115 praevalent
1093 3028 1177 3093 ad
1222 3035 1467 3094 tantam
1512 3030 2010 3095 multitudinem.
2106 3031 2336 3096 videns
2368 3031 2748 3097 Thiudimer
2791 3033 3076 3115 undique
3122 3031 3246 3097 sibi
3290 3050 3600 3115 prospera
3628 3050 3778 3115 pro-

412 3154 474 3196 25
512 3134 763 3213 venire,
826 3132 1133 3197 Naissum
1179 3131 1450 3216 primam
1496 3135 1717 3199 urbem
1762 3134 2015 3198 invadit
2057 3134 2302 3217 Illyrici
2347 3134 2609 3216 filioque
2655 3154 2772 3200 suo
2818 3134 3213 3201 Theodorico
3275 3134 3534 3199 sociatis
3590 3134 3778 3198 Astat

513 3246 576 3303 et
618 3236 852 3301 Invilia
906 3234 1245 3300 comitibus
1304 3256 1420 3319 per
1477 3243 1685 3301 castro
1734 3236 2031 3301 Herculis
2090 3236 2449 3302 transmisit
2493 3237 2793 3321 leiana.
2900 3238 3011 3319 qui
3056 3237 3389 3303 venientes
3435 3243 3564 3301 tam
3627 3256 3771 3301 eam
3819 3241 3942 3302 286

513 3361 706 3424 quam
768 3338 980 3405 Stobis
1054 3358 1200 3403 mox
1258 3338 1325 3402 in
1388 3338 1715 3406 deditione
1775 3339 2097 3424 accipiunt
2155 3340 2546 3424 nonullaque
2606 3341 2747 3407 loca
2803 3339 3050 3426 Illyrici
3105 3338 3584 3406 inaccessibilia
3654 3338 3777 3404 sibi

688 3583 744 3629 H
771 3582 813 3628 P
845 3584 950 3631 VA
981 3584 1023 3631 O
1049 3583 1092 3630 Β
1122 3584 1166 3630 Χ
1192 3583 1257 3643 (Υ
1283 3584 1363 3645 Ζ).
1442 3584 1630 3632 Paulus
1666 3585 1710 3632 h.
1756 3585 1818 3633 R.
1862 3586 1947 3646 15,
1992 3587 2054 3632 12
2078 3599 2150 3646 aq.
2201 3585 2247 3642 (a
2290 3585 2348 3633 10
2386 3585 2701 3647 omnesque).

693 3703 708 3751 l
755 3708 902 3751 otauo
945 3703 1046 3763 (sic)
1087 3703 1278 3751 decimo
1313 3718 1442 3752 anno
1479 3718 1721 3766 peragens
1767 3704 1826 3764 O,
1869 3710 2098 3752 octauum
2136 3705 2385 3753 decimum
2422 3719 2609 3753 annum
2654 3706 2826 3763 (annos
2865 3704 2930 3764 A)
2971 3717 3214 3766 peragens
3254 3703 3345 3750 AB
3550 3699 3780 3768 ascitis]

516 3790 683 3837 arcitis
721 3789 781 3850 Z,
820 3790 990 3836 accitis
1029 3788 1090 3848 Χ,
1133 3790 1387 3839 accersitis
1437 3790 1475 3836 Y
1701 3792 1852 3839 certis
1889 3804 1953 3838 ex
1990 3807 2087 3839 om.
2121 3790 2210 3838 OB
2422 3792 2703 3839 asellitibus
2744 3790 2786 3837 O
2997 3794 3049 3837 et
3084 3804 3183 3838 om.
3218 3789 3306 3836 OB
3539 3788 3570 3837 2
3607 3801 3782 3837 conso·

515 3877 667 3923 clauit
703 3875 749 3921 B
989 3870 1173 3940 paene]
1209 3875 1264 3922 H
1297 3876 1372 3922 hic
1603 3891 1694 3925 aex
1732 3873 1828 3942 m.]
1864 3890 1928 3923 ex
1965 3890 2030 3924 m.
2077 3876 2135 3938 O,
2179 3861 2257 3924 ᾖ
2295 3877 2340 3923 A
2583 3872 2864 3942 inconscio]
2899 3878 2955 3923 in
2993 3877 3209 3924 consilio
3248 3876 3350 3938 ΧΖ,
3395 3875 3677 3923 inconsulto
3727 3874 3775 3935 Y,

513 3964 673 4010 inscio
701 3962 745 4008 A
957 3961 987 4009 3
1025 3957 1195 4026 babai]
1231 3962 1296 4008 ba
1325 3961 1367 4008 O
1576 3968 1897 4010 sarmatorum
1929 3962 1972 4010 O
2180 3976 2348 4022 regem
2378 3962 2568 4009 ABXY
2772 3962 2804 4010 4
2841 3963 3111 4024 superuiae
3150 3951 3202 4008 P'
3397 3958 3578 4028 eoque]
3616 3962 3777 4023 HPV,

515 4061 732 4109 eumque
773 4045 1013 4094 ΑΟΒΧΥ
1218 4047 1524 4096 theodericus
1568 4047 1610 4094 O
1818 4049 2158 4110 familiamque
2194 4055 2247 4096 et
2282 4062 2487 4096 censum
2525 4047 2716 4095 AOBX
2729 4049 2767 4095 Y
2997 4048 3027 4096 5
3064 4049 3328 4096 ienitorem
3369 4048 3411 4095 O
3621 4049 3782 4107 singl—

515 4135 697 4182 donum
742 4132 829 4180 OB
1038 4132 1070 4182 6
1106 4146 1436 4193 occupassens
1478 4133 1538 4194 O,
1580 4141 1945 4196 occupauerant
1971 4135 2016 4181 A
2226 4134 2456 4183 reddedit
2486 4134 2530 4180 P
2736 4134 2763 4180 7
2803 4129 3063 4199 subdedit]
3099 4132 3256 4195 ΗΡΟ,
3300 4134 3526 4182 subdidit
3558 4134 3788 4181 VABXY

516 4219 547 4268 9
584 4215 840 4284 alimonia]
876 4217 1084 4278 HPVO,
1126 4203 1409 4266 alimoniam
1448 4219 1592 4266 ΑΒΧ
1604 4219 1643 4265 Υ
1846 4221 2203 4281 prestetissent
2241 4220 2298 4282 P,
2342 4221 2690 4281 prestitissens
2734 4218 2776 4265 O
3024 4218 3085 4267 10
3123 4219 3398 4267 theodemir
3438 4219 3547 4279 OB,
3591 4220 3784 4267 theodi-

516 4320 621 4354 mer
655 4307 718 4365 Χ,
759 4305 1048 4353 theudimer
1090 4304 1149 4365 Z,
1189 4305 1462 4353 theudlmir
1510 4306 1557 4367 Y,
1602 4306 1888 4353 theodemir
1925 4308 1969 4353 A
2208 4304 2259 4353 11
2306 4301 2473 4371 orant]
2510 4312 2655 4354 erant
2691 4303 2767 4351 A‘
2976 4300 3145 4369 uellit]
3182 4305 3340 4367 HPV,
3382 4306 3542 4355 uellet
3581 4305 3779 4367 OBXY,

517 4393 643 4440 uelit
680 4392 725 4438 A
936 4397 1134 4439 tantum
1170 4403 1267 4439 om.
1304 4390 1392 4438 OB
1624 4390 1684 4439 12
1720 4388 1973 4458 hortatus]
2008 4397 2111 4441 orta
2155 4392 2217 4452 O,
2256 4391 2451 4439 hortata
2488 4390 2530 4437 B
2739 4387 2841 4457 est]
2878 4403 2976 4452 que
3014 4392 3063 4438 X
3266 4397 3456 4453 partem
3499 4391 3654 4450 ABX,
3696 4406 3785 4454 pa-

516 4486 618 4527 tem
657 4477 699 4524 Y
902 4471 1171 4541 glycerius]
1207 4476 1443 4536 glizerius
1470 4477 1529 4539 A,
1574 4477 1800 4525 cliterius
1833 4476 1875 4523 O
2087 4477 2150 4526 13
2189 4473 2347 4543 sicut]
2384 4482 2498 4524 seut
2529 4475 2588 4536 O,
2629 4490 2719 4524 ceu
2753 4477 2796 4524 Β
3007 4473 3282 4543 fortiorem]
3317 4479 3496 4525 fortius
3534 4478 3720 4524 ABXY

515 4564 758 4613 orientale
785 4562 880 4609 ΒΧ
887 4563 940 4621 Υ,
981 4563 1033 4609 id
1058 4569 1137 4610 est
1160 4563 1400 4610 orientale
1428 4565 1472 4610 A
1684 4559 1837 4629 quod]
1873 4564 2076 4625 quidem
2109 4564 2166 4614 Ο,
2212 4565 2418 4625 quidem
2445 4563 2574 4624 quod
2600 4562 2645 4608 Β
2859 4561 2920 4610 14
2958 4559 3097 4628 mox]
3133 4577 3247 4611 mox
3275 4570 3332 4611 ut
3369 4565 3418 4611 Χ
3426 4563 3466 4609 Υ
3668 4567 3787 4612 uin·

515 4651 672 4698 dimer
698 4649 805 4710 ΧΖ,
847 4648 1091 4696 uindimir
1126 4648 1175 4707 Y,
1219 4648 1436 4696 uidemir
1460 4649 1505 4695 A
1680 4654 1797 4696 terr.
1829 4652 1888 4697 it.
1923 4650 1968 4697 A
2144 4656 2302 4697 terras
2326 4645 2566 4714 intrauit]
2594 4651 2647 4696 ἰη
2671 4649 2827 4696 litura
2856 4646 2925 4696 Ο2
3136 4647 3197 4697 15
3235 4646 3552 4716 relinquens]
3574 4664 3614 4700 r.
3644 4652 3787 4709 regni

523 4723 636 4784 03⁶
844 4734 1072 4783 uidemer
1111 4734 1214 4792 PV,
1262 4735 1476 4782 uidemir
1512 4735 1575 4794 A,
1618 4749 1713 4783 om.
1759 4736 1808 4782 Χ
1819 4735 1900 4781 ΥΖ
2109 4731 2283 4801 snum]
2324 4736 2406 4782 sui
2447 4736 2496 4782 Χ
2506 4735 2586 4781 ΥΖ
2818 4748 2915 4795 que
2953 4748 3051 4783 om.
3083 4735 3147 4796 A,
3187 4719 3286 4796 que
3322 4749 3649 4794 synonymum
3685 4751 3782 4785 om.

520 4822 610 4870 OB
818 4822 1055 4882 glizerius
1094 4821 1156 4878 A,
1198 4821 1431 4867 clicerius
1474 4819 1517 4867 O
1748 4819 1810 4870 16
1848 4821 2019 4868 italiae
2058 4820 2133 4868 Α·
2342 4836 2371 4868 a
2405 4816 2648 4886 diuersis]
2684 4821 2910 4868 aduersis
2953 4819 3047 4868 ΟΧ
3059 4821 3100 4867 Υ
3317 4821 3374 4870 17
3414 4824 3650 4881 gentibus
3686 4836 3782 4870 om.

522 4911 569 4956 Χ
581 4908 656 4955 ΥΖ
860 4902 1271 4972 praemebamur]
1307 4906 1408 4953 ΗΧ
1418 4906 1469 4968 Υ,
1508 4908 1856 4967 praemebatur
1881 4907 1989 4966 PV,
2031 4908 2350 4970 premebatur
2376 4907 2517 4955 AOB
2723 4903 2823 4972 ibi]
2860 4907 2960 4955 sibi
2998 4906 3138 4954 AOB
3346 4909 3664 4966 uuisigothos
3695 4910 3744 4956 Χ
3755 4910 3795 4956 Υ

523 4993 583 5044 18
621 4989 865 5059 multum]
888 4994 1046 5041 multa
1078 4991 1217 5040 ΟΒΧ
1228 4993 1270 5039 Υ
1457 4994 1714 5041 uindimer
1741 4995 1850 5051 ΧΖ,
1881 4994 2125 5041 uindimir
2157 4994 2213 5056 Υ,
2240 4994 2457 5041 uidemir
2482 4993 2527 5039 A
2725 4999 2951 5054 acceptas
2978 4991 3062 5040 Χ·
3258 4994 3728 5053 ωαηάιιίεΛΒΧΥ

518 5097 545 5129 a
581 5095 677 5128 om.
714 5079 756 5126 O
972 5077 1033 5127 19
1074 5075 1257 5145 unum]
1295 5093 1454 5126 unum
1494 5093 1605 5126 cum
1645 5082 1718 5127 eis
1755 5080 1801 5126 B
2011 5081 2234 5128 efficitur
2269 5080 2314 5126 Β
2524 5084 2582 5126 ut
2618 5078 2808 5125 dudum
2845 5080 3049 5126 fuerant
3082 5092 3179 5128 om.
3216 5078 3305 5125 OB
3513 5079 3579 5129 20
3615 5080 3790 5143 hispa-

520 5169 728 5228 niasque
767 5165 909 5213 ΑΒΧ
920 5165 960 5211 Υ
1186 5167 1298 5212 iure
1340 5164 1478 5212 ΟΒΧ
1489 5165 1529 5211 Υ
1749 5161 1846 5231 ibi]
1883 5167 1981 5214 sibi
2025 5165 2115 5212 OB
2350 5163 2414 5213 22
2455 5164 2744 5213 theodemcr
2785 5164 2890 5226 OB,
2935 5165 3221 5212 theudimer
3257 5166 3367 5225 ΧΖ,
3408 5165 3688 5214 theudimir
3735 5167 3788 5228 Y,

517 5253 765 5299 teudemir
790 5253 835 5299 A
1048 5246 1241 5316 autem]
1278 5265 1340 5298 au
1373 5250 1432 5307 Ο,
1474 5252 1608 5298 enim
1636 5252 1683 5298 Χ
1694 5252 1735 5298 Υ
1937 5266 2076 5300 saum
2104 5247 2325 5317 amnem]
2362 5251 2669 5311 HPVAOB,
2711 5251 2897 5312 padum
2925 5251 3060 5298 ΧΥΖ
3269 5250 3334 5299 23
3371 5266 3470 5313 que
3501 5266 3595 5302 om.
3634 5252 3722 5299 OB

519 5337 706 5386 bellum
743 5353 839 5386 om.
873 5337 1013 5384 ΧΥΖ
1225 5339 1409 5398 aliquis
1449 5338 1547 5384 ΑΧ
1559 5338 1599 5384 Υ
1802 5340 1848 5386 ei
1885 5334 2124 5404 obstaret]
2160 5343 2356 5401 optaret
2396 5338 2454 5395 O,
2498 5342 2729 5398 optarent
2765 5337 2810 5383 B
3021 5335 3086 5384 24
3122 5337 3411 5386 theodemer
3450 5337 3558 5401 OB,
3599 5316 3794 5387 theod‘i-

520 5438 626 5473 mer
662 5425 725 5485 Χ,
767 5424 1055 5472 theudimer
1097 5424 1155 5482 Z,
1198 5422 1478 5472 theudimIr
1523 5424 1576 5479 Y,
1619 5424 1871 5472 teudemir
1906 5426 1950 5471 A
2184 5423 2250 5472 25
2288 5425 2487 5472 naisum
2533 5423 2763 5470 OBXYZ
2972 5425 3133 5486 prima
3176 5424 3219 5469 O
3425 5425 3637 5472 inundet
3679 5425 3722 5472 O

518 5511 651 5570 illyri
687 5510 755 5572 R,
798 5511 993 5558 illiricis
1032 5509 1170 5556 ΧΥΖ
1390 5511 1607 5559 sociatus
1647 5509 1690 5556 B
1911 5510 2074 5558 adstat
2118 5510 2227 5572 OB,
2268 5516 2395 5558 artat
2431 5511 2479 5556 Χ
2490 5509 2572 5556 ΥΖ
2815 5508 2881 5557 26
2919 5505 3123 5575 inuilia]
3158 5511 3386 5558 inuillam
3424 5511 3483 5572 B,
3523 5512 3578 5559 in
3616 5512 3793 5571 uigilia

519 5597 656 5644 ΧΥΖ
847 5597 1051 5644 comites
1078 5595 1123 5642 Β
1316 5591 1498 5661 castro]
1524 5596 1623 5643 ΗΡ
1635 5596 1684 5653 V,
1728 5602 1946 5644 castrum
1973 5596 2220 5643 AOBXY
2404 5597 2612 5644 hirculis
2642 5597 2684 5644 O
2878 5596 3133 5658 ulpianam
3160 5595 3354 5643 ΑΒΧΥ
3541 5595 3602 5645 27
3643 5610 3789 5657 quam

520 5678 698 5748 stobis]
734 5685 924 5743 scripsi,
975 5684 1316 5744 quamestobis
1359 5680 1452 5729 ΟΧ
1462 5682 1512 5742 Υ,
1556 5683 1945 5744 quammestobis
1982 5681 2141 5742 HPV,
2185 5696 2335 5743 quam
2373 5682 2616 5730 mestoliis
2658 5683 2719 5742 A,
2759 5695 2907 5743 quam
2943 5688 2997 5729 et
3032 5696 3150 5743 opes
3186 5683 3233 5730 B
3511 5678 3792 5747 deditione]

519 5766 679 5828 HPV,
721 5767 1086 5816 dedicationem
1118 5767 1205 5829 0⁰,
1245 5767 1552 5816 deditionem
1578 5755 1797 5816 ΑΟὺΒΧ
1806 5769 1847 5815 Υ
2014 5764 2346 5834 nonullaque]
2370 5767 2484 5828 ΗΡ,
2513 5768 2855 5830 nonnullaque
2893 5767 3125 5816 VAOBX
3136 5769 3176 5815 Y
3340 5769 3718 5816 inaccessebilia
3749 5767 3795 5815 O

3272 5869 3375 5918 17*
