4882 6775
1944 472 2244 529 GETICA.
3645 481 3714 541 71

474 663 610 729 suis
653 662 888 728 finibus
932 662 1328 748 proturbavit
1349 665 1419 746 ¹).
1498 663 1835 749 Thelepho
1880 683 2031 729 vero
2077 662 2380 730 defuncto
2409 662 2830 748 Euryphylus
2858 663 3030 748 filius
3062 665 3372 731 successit
3398 665 3466 730 in
3498 685 3718 748 regno,
3768 663 3866 728 IX

478 787 561 832 ex
604 766 844 832 Priami
889 768 1175 851 Frygum
1221 766 1360 851 regi
1406 787 1716 850 germana
1761 767 2130 852 progenitus
2145 769 2222 852 ²).
2303 765 2412 849 qui
2458 767 2538 832 ob
2570 767 2942 834 Casandrae
2986 788 3267 834 amorem
3310 769 3485 835 bello
3528 769 3729 834 inter-

478 889 624 936 esse
683 869 995 953 Troiano,
1063 877 1134 935 ιιι
1190 871 1562 955 parentibus
1623 889 1967 955 soceroque
2026 871 2222 936 ferret
2278 869 2628 953 auxilium,
2697 870 2999 957 cupiens,
3067 892 3215 937 mox
3273 872 3558 938 venisset
3614 893 3729 938 ex-

475 973 714 1039 tinctus
758 980 860 1039 est
877 975 950 1056 ³).

413 1094 439 1132 ⁵
648 1077 830 1141 Tunc
875 1076 1116 1160 Cyrus,
1181 1096 1296 1141 rex
1355 1077 1694 1142 Persarum
1716 1128 1732 1159 ,
1795 1082 1942 1161 post
1998 1076 2244 1158 grande
2303 1076 2713 1142 intervallum
2776 1084 2840 1142 et
2893 1097 3058 1161 pene
3119 1086 3266 1162 post
3321 1097 3557 1144 Dcxxx
3612 1099 3730 1143 an·
3774 1078 3836 1141 X
3883 1082 3955 1141 61

475 1200 696 1245 norum
754 1186 1040 1264 tempore
1110 1180 1429 1264 (Pompeio
1487 1180 1700 1262 Trogo
1756 1180 2054 1261 testante)
2122 1179 2429 1246 Getarum
2488 1179 2748 1263 reginae
2807 1181 3129 1265 Thomyre
3204 1180 3327 1245 sibi
3402 1180 3731 1247 exitiabile

475 1282 695 1348 intulit
735 1283 999 1349 bellum.
1095 1280 1206 1364 qui
1252 1283 1460 1347 elatus
1506 1303 1586 1348 ex
1631 1282 1829 1348 Asiae
1874 1282 2156 1349 victoriis
2201 1283 2403 1349 Getas
2448 1282 2673 1349 nititur
2715 1283 3083 1367 subiugare,
3144 1284 3398 1366 quibus,
3450 1290 3521 1348 ut
3564 1283 3733 1348 dixi-

477 1406 619 1451 mus
640 1390 729 1469 ⁴),
793 1386 1022 1469 regina
1079 1392 1220 1451 erat
1261 1386 1625 1470 Thomyris.
1722 1407 1889 1469 quae
1943 1406 2087 1453 cum
2130 1374 2457 1453 Abraxem
2502 1407 2756 1452 amnem
2803 1387 2957 1471 Cyri
3002 1406 3221 1452 arcere
3269 1387 3582 1472 potuisset
3624 1407 3735 1452 ac-

479 1509 755 1571 cessum,
805 1489 1142 1555 transitum
1190 1496 1407 1555 tamen
1453 1488 1762 1574 permisit,
1815 1490 2081 1574 elegens
2126 1490 2322 1555 armis
2367 1510 2516 1555 eum
2560 1488 2817 1557 vincere
2861 1510 3052 1573 quam
3097 1491 3378 1556 locorum
3422 1490 3735 1557 beneficio

385 1607 443 1647 ¹⁰
483 1594 893 1671 submovere3
961 1591 1132 1674 quod
1193 1600 1258 1657 et
1316 1591 1554 1658 factum
1612 1600 1731 1659 est.
1828 1601 1893 1658 et
1949 1594 2248 1659 veniente
2292 1588 2464 1677 'Cyro
2522 1593 2731 1678 prima
2788 1593 2985 1659 cessit
3039 1593 3294 1659 fortuna
3350 1595 3609 1660 Parthis
3664 1596 3732 1659 in
3777 1596 3859 1656 62

479 1702 724 1761 tantum
747 1748 761 1777 ,
830 1702 899 1760 ut
949 1702 1015 1760 et
1058 1695 1259 1760 filium
1305 1695 1649 1779 Thomyris
1693 1703 1759 1761 et
1801 1695 2144 1780 plurimum
2191 1696 2539 1762 exercitum
2584 1696 2997 1762 trucidarent.
3091 1696 3210 1762 sed
3252 1696 3482 1764 iterato
3528 1698 3733 1764 Marte

483 1799 686 1864 Getae
734 1819 877 1863 cum
924 1817 1043 1863 sua
1086 1798 1312 1881 regina
1340 1800 1609 1864 Parthos
1655 1798 1941 1865 devictos
1985 1805 2294 1883 superant
2337 1807 2531 1882 atque
2575 1806 2985 1884 prosternunt
2999 1802 3042 1882 ⁶)
3094 1800 3499 1884 opimamque
3544 1820 3736 1884 prae-

483 1901 631 1967 dam
677 1900 759 1967 de
805 1901 902 1966 eis
946 1901 1276 1983 auferunt,
1342 1902 1559 1985 ibique
1616 1903 1890 1987 primum
1937 1903 2287 1968 Gothorum
2333 1923 2495 1986 gens
2540 1903 2733 1968 sirica
2775 1902 2936 1968 vidit
2975 1903 3274 1969 tentoria.
3367 1910 3519 1967 tunc
3562 1904 3738 1968 Tho-

483 2005 681 2089 myris
739 2005 965 2088 regina
1021 2010 1212 2070 aucta
1268 2005 1534 2071 victoria
1591 2013 1897 2090 tantaque
1955 2005 2199 2091 praeda
2258 2007 2339 2072 de
2399 2006 2677 2073 inimicis
2720 2006 2956 2091 potita,
3022 2006 3090 2071 in
3135 2013 3380 2091 partem
3424 2006 3730 2088 Moesiae,

383 2125 443 2166 ¹⁵
481 2129 645 2192 quae
690 2129 859 2174 nunc
904 2129 945 2172 a
988 2128 1226 2191 magna
1269 2109 1536 2193 Scythia
1577 2130 1812 2175 nomen
1854 2115 2211 2175 mutuatum
2257 2110 2463 2175 minor
2505 2109 2772 2194 Scythia
2814 2109 3201 2193 appellatur,
3250 2109 3594 2192 transiens,
3646 2110 3736 2175 ibi

481 2212 548 2278 in
592 2211 777 2277 Ponti
821 2211 1141 2278 Moesiaco
1185 2211 1373 2277 litore
1416 2213 1697 2279 Thomes
1742 2211 2065 2280 civitatem
2111 2231 2227 2277 suo
2271 2213 2353 2278 de
2397 2212 2652 2279 nomine
2703 2211 3093 2278 aedificavit.
3187 2212 3420 2279 dehinc
3466 2213 3723 2293 Darius,
3778 2215 3860 2276 63

655 2556 1397 2620 HPVLAOBxffz).

659 2696 681 2745 1
724 2692 985 2762 thelepho]
1019 2695 1230 2758 HLOB,
1268 2696 1506 2757 theiepho
1542 2695 1598 2756 P,
1643 2696 1842 2758 telepho
1876 2696 1931 2757 V,
1973 2697 2130 2744 teleso
2166 2696 2227 2759 A,
2267 2696 2457 2745 thelefo
2493 2698 2589 2745 ΧΥ
2827 2693 2969 2762 uero]
3005 2699 3177 2759 itaque
3214 2697 3351 2745 ΧΥΖ
3594 2712 3741 2757 eury-

484 2779 689 2848 phylus]
726 2783 840 2844 HP,
880 2782 1170 2844 euryphilus
1213 2782 1272 2844 Z,
1313 2783 1595 2845 euriphilus
1630 2782 1821 2841 VLAY,
1863 2782 2109 2844 euripilus
2152 2782 2210 2845 0,
2252 2785 2514 2844 euripylus
2550 2784 2599 2830 Χ
2803 2785 2860 2831 in
2896 2797 2994 2833 om.
3036 2784 3079 2830 A
3292 2783 3321 2831 2
3360 2780 3490 2849 regi]
3528 2783 3734 2844 HPVL,

482 2884 598 2929 rege
640 2868 749 2931 ΟΧ,
790 2870 919 2929 regis
955 2868 1100 2916 ABY
1320 2866 1610 2935 casandrae]
1645 2868 1857 2930 HPVA,
1895 2868 2129 2917 casandre
2165 2868 2227 2929 L,
2269 2869 2562 2918 cassandrae
2605 2868 2791 2916 OBXY
3013 2869 3043 2916 3
3080 2865 3162 2935 ut]
3198 2882 3254 2917 ac
3294 2867 3386 2916 OB
3612 2870 3741 2918 ferre

484 2956 529 3002 Β
734 2955 958 3018 cupieris
993 2955 1039 3001 A
1247 2950 1386 3020 mox]
1424 2968 1539 3003 mox
1574 2968 1687 3002 eum
1726 2953 1860 3001 XYZ
2066 2956 2298 3002 extintus
2340 2953 2399 3014 O,
2448 2956 2716 3002 extinxtus
2758 2954 2861 3014 (εἰσ)
2902 2954 2948 3000 Β
3155 2956 3186 3004 5
3223 2960 3337 3018 post
3370 2956 3545 3015 grandi
3580 2957 3740 3005 inter-

483 3041 611 3090 uallo
648 3042 698 3088 Χ
707 3041 788 3088 ΥΖ
1045 3054 1177 3102 pene
1212 3053 1310 3089 om.
1340 3039 1435 3087 ΧΥ
1707 3039 1737 3087 6
1775 3035 2023 3105 tempore]
2060 3039 2272 3101 HPVO,
2310 3045 2535 3100 tempora
2572 3040 2771 3102 LBXY,
2813 3044 3017 3101 tempus
3053 3041 3097 3087 A
3359 3042 3588 3103 pompeio
3630 3041 3673 3089 O

483 3118 648 3193 trogo]
676 3127 880 3189 ABXY,
919 3132 1052 3175 troco
1087 3126 1292 3189 HPVL,
1332 3131 1473 3174 truco
1514 3124 1582 3172 O‘
1795 3130 2046 3185 gestarum
2089 3124 2132 3171 O
2369 3121 2616 3191 thomyre]
2653 3124 2766 3188 ΗΡ,
2803 3126 3094 3189 thomir(a)e
3138 3125 3381 3186 VLOXY,
3423 3127 3637 3176 thameri
3674 3128 3736 3190 Β,

485 3214 686 3263 thomiri
722 3214 768 3260 A
1023 3208 1306 3278 exitiabile]
1341 3213 1671 3261 inexitiabile
1706 3211 1769 3271 B,
1810 3211 2094 3277 exsitiabile
2131 3210 2196 3273 L,
2233 3212 2506 3260 exiciabile
2543 3210 2597 3273 P,
2641 3212 2950 3259 exitiabilem
2994 3211 3037 3258 O
3314 3211 3342 3259 7
3383 3214 3588 3261 uictoris
3630 3214 3740 3276 ΟΖ,

484 3301 698 3348 uictoria
732 3300 779 3347 B
985 3304 1148 3359 gestas
1186 3298 1281 3346 AO
1488 3299 1750 3346 subiucare
1791 3297 1833 3344 O
2042 3301 2099 3344 ut
2134 3297 2243 3345 dix.
2282 3310 2379 3345 om.
2411 3298 2458 3344 A
2666 3295 2697 3347 8
2734 3300 2907 3357 regina
2943 3294 3075 3364 erat]
3111 3303 3219 3346 erat
3253 3300 3425 3358 regina
3460 3300 3522 3358 A,
3564 3313 3743 3360 regna-

484 3391 627 3436 uerat
662 3386 707 3435 B
965 3381 1229 3451 thomyris]
1268 3384 1425 3447 HPV,
1468 3385 1699 3433 thomiris
1736 3382 1982 3445 LAXYZ,
2024 3383 2240 3431 hemeris
2284 3383 2342 3445 Ο,
2385 3383 2622 3432 thamaris
2658 3384 2704 3431 Β
2955 3384 3186 3432 abraxem
3223 3381 3444 3452 amnem]
3481 3384 3736 3449 HPVLO,

483 3474 669 3522 abraxe
703 3486 848 3521 amne
895 3472 994 3533 Yz,
1054 3473 1116 3520 ab
1153 3485 1300 3520 araxe
1336 3484 1481 3519 amne
1518 3471 1659 3518 ABX
1932 3465 2062 3535 cyri]
2109 3483 2280 3528 cyrum
2317 3470 2367 3516 Χ
2640 3483 2804 3518 arcere
2840 3485 2937 3520 om.
2980 3469 3073 3531 B‘,
3126 3476 3235 3532 post
3270 3472 3519 3533 potuisset
3553 3459 3671 3519 AB⁶

483 3574 738 3609 accessum
780 3559 1062 3622 (accensum
1101 3558 1164 3620 L,
1202 3571 1473 3606 aceessum
1509 3556 1606 3618 P‘)
1650 3551 1942 3621 transitum]
1985 3554 2376 3616 HPVLAXYZ,
2417 3567 2652 3603 accessus
2688 3558 2903 3604 transire
2946 3555 3037 3603 OB
3243 3556 3276 3606 9
3311 3554 3505 3624 tamen]
3541 3564 3738 3608 tautum

485 3647 531 3693 A
739 3623 941 3706 elegeris
978 3644 1093 3707 ΗΡ,
1133 3645 1325 3703 eligens
1359 3645 1449 3692 rel.
1663 3642 1728 3691 10
1762 3643 1926 3704 primo
1962 3641 2006 3688 L
2213 3643 2270 3689 in
2307 3636 2529 3706 tantum]
2566 3646 2735 3690 tamen
2780 3641 2838 3702 O,
2880 3646 3020 3689 tanta
3056 3642 3102 3689 Β
3311 3642 3366 3692 11
3411 3650 3463 3692 et
3498 3658 3594 3692 om.
3626 3647 3672 3693 A

483 3728 751 3798 thomyrIs]
787 3731 995 3794 HPVA,
1034 3732 1259 3778 thomiris
1294 3728 1447 3790 LXY,
1490 3728 1728 3776 thomeris
1772 3729 1831 3789 O,
1872 3728 2099 3775 thamiris
2137 3727 2182 3773 Β
2388 3727 2685 3775 trucidarint
2713 3727 2757 3775 O
2971 3726 3031 3775 12
3068 3724 3234 3794 getae]
3270 3729 3365 3776 ΒΧ
3374 3729 3427 3792 Y,
3466 3731 3645 3790 gethae
3673 3733 3735 3791 A,

483 3823 600 3879 gete
640 3817 700 3880 O,
742 3819 844 3877 geti
880 3815 1074 3864 HPVL
1302 3816 1601 3877 opinsmque
1641 3814 1684 3862 O
1921 3810 1982 3861 13
2019 3808 2192 3878 siries]
2228 3811 2435 3875 HPVL,
2476 3814 2633 3861 series
2670 3811 2862 3860 AOBX
2872 3813 2913 3859 Y
3112 3815 3293 3864 uident
3333 3815 3424 3863 OB
3630 3818 3743 3867 tho-

485 3900 663 3970 myris]
700 3904 863 3966 HPV,
913 3902 1145 3953 thomiris
1182 3901 1275 3949 LX
1286 3902 1336 3963 Υ,
1388 3901 1627 3950 thomeris
1671 3898 1729 3959 O,
1784 3899 1923 3948 tho‘ffi
1959 3900 2021 3959 A,
2075 3899 2302 3947 thamiris
2343 3898 2384 3945 B
2663 3897 2726 3947 14
2763 3901 2934 3960 regina
2969 3915 3067 3949 om.
3111 3902 3155 3948 A
3433 3909 3543 3951 acta
3584 3903 3677 3951 OB

484 3995 727 4052 tant-eque
762 4003 837 4052 pr.
885 3988 974 4049 0⁰,
1014 3994 1306 4050 tantamque
1340 3988 1546 4049 predam
1584 3986 1628 4034 L
1833 3987 2069 4034 inimicos
2107 3984 2152 4031 L
2360 3985 2549 4032 mesiae
2586 3984 2684 4032 AO
2895 3985 2957 4035 15
2995 4001 3022 4034 a
3057 3999 3154 4037 om.
3190 3987 3251 4049 O,
3298 4002 3362 4037 ex
3400 3988 3447 4035 Β
3653 4004 3744 4039 no-

482 4077 627 4125 mine
664 4077 710 4123 A
941 4080 1201 4123 mutuatur
1239 4074 1302 4136 L,
1341 4077 1517 4121 mutua
1560 4072 1618 4132 O,
1661 4077 1868 4120 mustus
1895 4072 1955 4133 (2³)
1996 4069 2088 4130 3⁶,
2130 4073 2356 4118 mutuata
2391 4056 2478 4130 Bb,
2521 4075 2746 4118 mutuato
2783 4072 2829 4118 A
3038 4071 3342 4141 appellatur]
3378 4079 3454 4123 est
3489 4076 3743 4137 appellata

481 4163 549 4224 Β,
592 4162 778 4211 dicitur
814 4163 859 4208 A
1089 4160 1152 4209 16
1188 4161 1329 4222 ponti
1365 4159 1609 4208 mossiaco
1643 4158 1792 4207 litore
1828 4152 2047 4222 thomes]
2081 4160 2235 4216 ponte
2272 4156 2454 4204 mersis
2490 4156 2668 4205 colitur
2703 4161 2757 4204 et
2792 4157 3008 4205 hominis
3052 4156 3112 4221 O,
3153 4165 3306 4220 ponte
3342 4162 3527 4209 moesie
3562 4162 3743 4210 colitur

481 4254 538 4298 οι
573 4248 813 4297 thameris
848 4247 895 4294 B
1125 4245 1186 4292 de
1223 4257 1313 4293 suo
1350 4246 1396 4292 A
1604 4244 1786 4291 clarius
1820 4241 1896 4290 B·

669 4490 714 4553 1)
756 4488 826 4550 es.
868 4489 1042 4550 Dictys
1078 4489 1127 4551 2,
1169 4489 1233 4536 2:
1289 4489 1347 4536 in
1396 4500 1454 4534 ea
1499 4499 1668 4549 pugna
1704 4485 2049 4534 Thessandrus
2088 4519 2103 4534 .
2134 4519 2148 4534 .
2179 4519 2194 4533 .
2234 4497 2528 4543 congressus
2574 4498 2686 4532 cum
2724 4484 2945 4546 Telepho
2987 4487 3219 4547 ictusque
3264 4488 3326 4534 ab
3373 4501 3433 4535 eo
3468 4487 3599 4536 eadit
3637 4523 3650 4538 .
3682 4524 3696 4538 .
3726 4522 3742 4539 .

480 4595 530 4628 e..
560 4579 626 4627 3.-
665 4576 1007 4626 Teuthranius
1035 4610 1049 4625 .
1081 4611 1095 4623 .
1127 4609 1141 4625 .
1169 4575 1322 4622 frater
1344 4571 1556 4634 Telephi
1582 4572 1814 4620 uterInus
1840 4607 1855 4621 .
1887 4607 1902 4621 .
1933 4607 1948 4621 .
1974 4572 2075 4620 telo
2097 4572 2206 4619 eius
2237 4570 2437 4631 (Aiacis)
2470 4572 2719 4619 occubuit.
2783 4571 2897 4618 eius
2921 4584 3041 4618 casu
3067 4571 3324 4633 Telephus
3350 4608 3365 4622 .
3394 4608 3409 4622 .
3440 4608 3455 4622 .
3483 4574 3745 4635 perculsus

483 4700 502 4714 .
536 4698 551 4714 .
584 4696 600 4713 .
629 4664 817 4723 fugatis
854 4676 982 4724 quos
1017 4662 1280 4709 adversum
1316 4660 1442 4707 ierat
1475 4672 1589 4706 cum
1625 4658 1875 4705 obstinate
1899 4657 2103 4705 Vlixem
2140 4657 2274 4704 inter
2311 4658 2482 4704 vineas
2510 4690 2525 4705 .
2556 4690 2570 4706 .
2602 4691 2617 4705 .
2645 4657 3014 4717 insequeretur,
3054 4657 3378 4719 praepeditus
3414 4664 3589 4707 truneo
3623 4662 3747 4709 vitis

477 4749 595 4798 ruit
621 4783 636 4799 .
667 4782 682 4797 .
712 4783 726 4797 .
753 4747 976 4796 Achilles
1003 4782 1017 4797 .
1048 4781 1062 4797 .
1094 4782 1108 4797 .
1138 4746 1294 4794 telum
1318 4744 1567 4793 iaculatus
1592 4744 1755 4791 femur
1779 4744 2043 4791 sinistrum
2080 4744 2184 4802 regi
2224 4743 2491 4802 transfigit.
2566 4757 2609 4789 e.
2646 4745 2745 4791 10.-
2784 4742 3040 4804 Telephus
3069 4777 3083 4792 .
3115 4778 3128 4792 .
3161 4778 3175 4792 .
3203 4757 3315 4790 cum
3353 4743 3492 4794 nullo
3525 4745 3746 4794 remedio

475 4833 681 4883 mederi
714 4838 899 4894 posset.
977 4835 1089 4893 equi
1121 4844 1224 4879 non
1256 4832 1479 4879 meminit
1516 4829 1708 4889 Dictys,
1749 4830 1973 4876 meminit
2010 4827 2297 4875 Eustaihius
2332 4827 2479 4875 schol.
2521 4825 2675 4875 Iliad.
2719 4831 2767 4889 1,
2795 4830 2895 4876 69:
2934 4824 2962 4878 ὁ
3001 4825 3056 4877 δὲ
3092 4823 3333 4896 Τήλεφος
3372 4864 3387 4879 .
3418 4864 3433 4879 .
3463 4864 3478 4880 .
3517 4827 3745 4882 πέπονθε

473 4920 582 4990 μὲν
616 4921 818 4987 τραῦμα
853 4916 1014 4969 δεινὸν
1051 4913 1146 4968 ὑπὸ
1181 4912 1484 4986 Ἀχιλλέως,
1526 4911 1760 4981 ἀμπέλου
1799 4910 1931 4964 ἕλικι
1967 4909 2398 4981 συμποδισθέντος
2434 4908 2579 4980 αὐτῷ
2611 4916 2703 4964 τοῦ
2738 4909 2900 4963 ἵππου
2940 4949 2952 4961 .
2986 4950 2999 4962 .
3032 4949 3045 4962 .
3082 4911 3172 4964 καὶ
3208 4911 3446 4971 πεσόντος
3483 4913 3555 4972 εἰς
3590 4920 3706 4985 γῆν.
3787 4958 3799 4969 .

661 5006 710 5069 2)
751 5006 820 5068 cf.
851 5006 1026 5066 Dictys
1051 5005 1099 5066 2,
1130 5006 1161 5052 5
1181 5019 1197 5048 .·
1233 5003 1517 5062 Astyochea
1543 5039 1555 5051 .
1590 5037 1602 5050 .
1638 5037 1651 5050 .
1680 5001 1866 5049 Priami
1900 5002 2122 5048 iunctam
2160 5001 2260 5048 sibi
2290 4999 2549 5061 (Telepho)
2592 5000 2924 5060 matrimonio,
2968 5013 3034 5047 ex
3071 5015 3168 5061 qus
3192 5000 3481 5063 Eurypylus
3517 5004 3740 5062 genitus.

663 5092 710 5155 3)
752 5094 823 5153 cs.
849 5092 1024 5153 Dictys
1049 5094 1096 5149 4,
1135 5093 1229 5137 u:
1267 5090 1481 5137 nuntius
1520 5089 1711 5136 Priamo
1747 5088 2045 5158 supervenit
2080 5087 2389 5148 Eurypylum
2426 5085 2637 5146 Telephi
2674 5099 2739 5134 ex
2774 5085 2965 5134 Moesia
2999 5087 3286 5149 adventare,
3326 5102 3476 5150 quem
3513 5102 3602 5137 rex
3636 5124 3651 5139 .
3682 5124 3697 5139 .
3728 5124 3743 5140 .

465 5181 737 5232 oblatione
781 5179 1057 5241 desponsae
1101 5175 1408 5225 Cassandrae
1456 5177 1847 5223 confirmaverat.
1931 5187 1973 5222 ο.
2016 5175 2099 5222 17.
2150 5175 2215 5221 18
2256 5175 2432 5221 narrat
2480 5172 2792 5234 Eurypylum
2840 5171 3159 5233 interfectum
3205 5188 3307 5223 esse
3353 5191 3384 5223 a
3437 5175 3748 5237 Neoptolemo

431 5269 688 5328 ‘simque
721 5278 833 5313 ossa
863 5265 999 5323 patri
1031 5264 1250 5312 remma.

662 5349 711 5413 4)
750 5363 854 5398 non
887 5349 1014 5397 dixit
1049 5353 1215 5396 antea.

664 5437 713 5499 5)
755 5437 983 5484 Iustinus
1019 5439 1066 5497 1,
1108 5436 1175 5483 8.·
1224 5433 1384 5492 Cyrus
1431 5434 1642 5482 subacta
1677 5432 1801 5482 Asia
1838 5468 1853 5482 .
1883 5465 1899 5482 .
1930 5466 1945 5482 .
1988 5430 2189 5490 Scythis
2237 5430 2428 5479 bellum
2477 5431 2651 5480 infert.
2726 5435 2834 5478 erat
2880 5443 2939 5478 eo
2980 5434 3204 5491 tempore
3246 5432 3420 5494 regina
3455 5432 3747 5492 Scytharum

464 5524 720 5582 Tomyris
774 5522 859 5584 (sic
895 5521 1007 5569 libri
1044 5522 1247 5583 optimi,
1301 5520 1506 5578 tamyris
1543 5520 1648 5581 alii)
1669 5556 1682 5580 ,
1737 5532 1866 5580 quae
1905 5553 1920 5568 .
1952 5553 1966 5567 .
1998 5553 2013 5567 .
2052 5532 2167 5566 cum
2204 5516 2465 5579 prohibere
2502 5529 2586 5566 eos
2620 5517 2840 5564 transitu
2876 5515 3030 5565 Oaxis
3079 5515 3163 5576 (sio
3200 5517 3314 5567 libri
3349 5521 3541 5579 optimi,
3582 5521 3747 5567 araxis

459 5612 576 5663 alii
615 5613 663 5658 et
703 5608 922 5670 Orosius)
974 5608 1199 5655 numinis
1245 5610 1446 5668 posset,
1502 5606 1714 5653 transire
1759 5604 1995 5665 permisit
2031 5637 2046 5653 .
2077 5638 2092 5653 .
2123 5638 2138 5652 .
2177 5605 2351 5664 itaque
2388 5603 2546 5660 Cyrus
2593 5603 2820 5650 traiectis
2866 5603 3023 5662 copiis
3061 5637 3075 5651 .
3107 5637 3122 5650 .
3153 5637 3167 5652 .
3207 5609 3366 5651 castra
3413 5609 3631 5652 metatus
3668 5610 3749 5654 est

461 5736 480 5753 .
518 5733 537 5748 .
577 5731 596 5746 .
637 5694 799 5754 Cyrus
837 5728 852 5744 .
884 5728 899 5744 .
930 5729 944 5744 .
985 5705 1158 5741 omnes
1199 5715 1213 5743 .-
1242 5727 1257 5743 .
1288 5726 1303 5742 .
1344 5692 1551 5751 Scythas
1587 5705 1699 5740 cum
1736 5691 1935 5752 reginae
1969 5689 2073 5738 filio
2110 5689 2364 5738 interiecit
2404 5723 2418 5737 .
2451 5723 2466 5738 .
2497 5722 2511 5738 .
2560 5687 2818 5749 (Tomyris)
2861 5689 3150 5749 compositis
3180 5689 3231 5735 in
3259 5691 3512 5738 montibus
3537 5690 3747 5740 insidiis

454 5787 705 5840 ducenta
739 5781 885 5831 milia
920 5781 1182 5828 Persarum
1220 5793 1333 5827 cum
1371 5778 1480 5842 ipso
1516 5792 1630 5841 rege
1664 5777 1952 5826 trucidavit.
2028 5774 2099 5836 cf.
2145 5775 2284 5824 Oros.
2328 5777 2376 5835 2,
2422 5777 2471 5823 7.
