4882 6775
1156 417 1274 477 124
2604 416 2965 472 IORDANIS

885 601 1104 665 XLIX
1150 626 1273 688 que
1320 606 1558 670 Attilae
1607 606 1745 671 sine
1793 606 1923 670 ullo
1968 606 2233 671 vulnere
2289 627 2512 672 necem
2575 607 2910 690 sanguinis
2957 608 3268 673 effusione
3313 614 3635 691 peractam
3679 607 4089 691 puellamque
4133 605 4413 671 demisso

979 706 1103 768 255
1151 708 1333 772 vultu
1379 709 1498 773 sub
1545 709 1863 773 velamine
1909 710 2371 774 lacrimantem.
2466 717 2638 790 tunc,
2690 718 2759 775 ut
2803 710 3016 793 gentis
3062 710 3236 774 illius
3266 729 3403 774 mos
3435 718 3554 792 est,
3607 710 3877 776 crinium
3908 716 4089 794 parte
4121 715 4414 774 truncata

1145 811 1451 876 informes
1497 812 1698 876 facies
1745 812 1920 876 cavis
1965 819 2303 896 turpavere
2351 814 2757 895 vulneribus,
2825 820 2896 878 ut
2941 813 3287 896 proeliator
3329 812 3605 877 eximius
3651 833 3776 877 non
3823 812 4118 878 femineis
4165 813 4411 878 lamen-

1146 914 1493 979 tationibus
1541 922 1603 979 et
1647 916 1967 996 lacrimiS,
2020 916 2136 980 sed
2183 917 2498 997 sanguine
2551 918 2877 1000 lugeretur
2921 916 3126 980 virile.
3223 916 3304 980 de
3354 936 3479 996 quo
3527 916 3599 979 id
3643 915 3916 981 accessit
3961 915 4292 993 mirabile,
4345 922 4416 980 ut

1146 1016 1474 1082 Marciano
1531 1017 1804 1101 principi
1850 1018 2131 1083 Orientis
2178 1020 2258 1084 de
2312 1027 2440 1083 tam
2490 1019 2685 1084 feroci
2729 1020 2912 1085 hoste
2960 1019 3233 1084 sollicito
3293 1019 3358 1082 in
3417 1018 3658 1084 somnis
3722 1019 4028 1083 divinitas
4090 1019 4412 1083 adsistens
4454 1042 4479 1080 5

1147 1138 1363 1183 arcum
1411 1120 1650 1184 Attilae
1696 1121 1763 1184 in
1809 1121 2034 1185 eadem
2083 1129 2267 1186 nocte
2314 1121 2589 1188 fractum
2637 1123 3035 1203 ostenderet,
3105 1122 3290 1205 quasi
3334 1123 3503 1206 quod
3550 1142 3712 1204 gens
3756 1122 3902 1206 ipsa
3950 1142 4026 1187 eo
4070 1123 4200 1187 telo
4246 1123 4412 1187 mul-

1134 1227 1278 1285 tum
1324 1231 1715 1305 praesumat.
1810 1223 1929 1288 hoc
1960 1224 2216 1288 Priscus
2262 1224 2558 1290 i'storicus
2603 1246 2757 1290 vera
2804 1244 2872 1290 se
2922 1225 3078 1290 dicit
3122 1224 3548 1290 adtestatione
3597 1226 3889 1309 probare.
3985 1224 4234 1290 namin
4267 1232 4411 1289 tan-

1144 1331 1278 1388 tum
1338 1325 1589 1407 magnis
1649 1326 1935 1408 imperiis
1981 1328 2181 1392 Attila
2240 1328 2543 1392 terribilis
2603 1328 2858 1393 habitus
2905 1335 3038 1405 est,
3109 1336 3178 1393 ut
3222 1328 3360 1392 eius
3406 1336 3673 1392 mortem
3732 1328 3799 1392 in
3859 1328 4071 1392 locum
4129 1327 4411 1393 muneris

979 1430 1102 1490 256
1151 1444 1428 1511 superna
1472 1428 1886 1511 regnantibus
1930 1429 2309 1495 indicarent.
2405 1431 2587 1495 cuius
2633 1451 2857 1495 manes
2902 1431 3131 1512 quibus
3162 1452 3202 1495 a
3234 1450 3352 1495 sua
3381 1437 3572 1513 gente
3606 1431 3951 1495 honoratae
3985 1437 4152 1511 sunt,
4205 1450 4413 1514 pauca

1146 1529 1225 1593 de
1274 1531 1493 1594 multis
1539 1531 1750 1596 dicere
1797 1553 1921 1597 non
1967 1533 2355 1597 omittamus.
2450 1534 2518 1597 in
2563 1534 2794 1598 mediis
2857 1534 2912 1597 si
2959 1534 3220 1616 quidem
3270 1534 3513 1617 campis
3574 1541 3638 1598 et
3682 1534 3850 1598 intra
3895 1534 4175 1598 tenturia
4219 1533 4409 1598 sirica
4456 1556 4512 1596 ln

1147 1631 1460 1697 cadavere
1522 1634 1848 1699 conlocato
1909 1637 2347 1719 spectaculum
2405 1637 2853 1701 admirandum
2914 1645 2977 1701 et
3037 1636 3434 1701 sollemniter
3490 1637 3849 1702 exhibetur.
3942 1658 4088 1701 nam
4152 1635 4232 1701 de
4278 1643 4411 1701 tota

1145 1744 1338 1817 gente
1384 1737 1757 1803 Hunnorum
1807 1738 2144 1802 lectissimi
2189 1739 2438 1820 equites
2486 1739 2553 1803 in
2598 1759 2673 1804 eo
2719 1741 2879 1821 loco,
2933 1761 3059 1821 quo
3107 1748 3246 1804 erat
3291 1740 3560 1824 posituS,
3614 1741 3679 1805 in
3725 1741 3985 1805 modum
4033 1740 4407 1804 circensium

978 1841 1100 1903 257
1150 1839 1444 1903 cursibus
1489 1840 1865 1923 ambienteS,
1920 1841 2093 1906 facta
2139 1842 2278 1907 eius
2325 1850 2516 1907 cantu
2563 1842 2825 1908 funereo
2873 1843 2989 1908 tali
3035 1844 3257 1908 ordine
3300 1843 3686 1909 referebant.
3774 1844 4198 1927 ‘praecipuus
4229 1844 4409 1907 Hun-

1153 1944 1409 2006 ‘norum
1456 1963 1567 2007 rex
1600 1944 1821 2021 Attila,
1874 1952 2053 2027 patre
2099 1945 2355 2027 genitus
2402 1946 2779 2026 MundzucO,
2834 1946 3321 2010 fortissimarum
3367 1947 3655 2028 gentium
3702 1947 4018 2028 dominuS,
4071 1946 4180 2028 'qui
4224 1946 4410 2010 inau-

1153 2044 1325 2109 ‘dita
1384 2053 1532 2110 ante
1594 2066 1663 2111 se
1724 2048 2007 2130 potentia
2069 2048 2244 2112 solus
2291 2049 2596 2133 Scythica
2654 2056 2719 2114 et
2764 2049 3149 2114 Germanica
3210 2070 3410 2132 regna
3469 2049 3758 2134 possedit
3809 2069 3928 2114 nec
3973 2069 4097 2114 non
4143 2056 4409 2131 utraque
4453 2072 4511 2112 ιε,

1152 2149 1459 2212 ‘Romani
1503 2149 1676 2213 urbis
1722 2150 1993 2234 imperia
2055 2151 2261 2235 captis
2309 2152 2677 2216 civitatibus
2740 2153 2965 2217 terruit
3025 2160 3122 2235 et,
3189 2174 3271 2217 ne
3317 2153 3598 2236 praedae
3658 2152 3910 2234 reliqua
3957 2152 4401 2231 subderentur,

1153 2252 1479 2334 ‘placatus
1524 2253 1864 2336 praecibus
1911 2274 2192 2318 annuum
2239 2255 2517 2337 vectigal
2566 2255 2911 2339 accepit¹):
2980 2276 3249 2337 cumque
3304 2256 3466 2320 baec
3496 2256 3711 2321 omnia
3742 2261 4050 2339 proventu
4085 2254 4409 2319 felicitatis

1153 2354 1427 2435 ‘egerit,
1493 2375 1620 2420 non
1684 2356 1948 2421 vulnere
2005 2353 2318 2439 hostium,
2386 2378 2514 2422 non
2562 2358 2789 2422 fraude
2836 2378 3128 2438 suorum,
3198 2358 3315 2424 sed
3360 2366 3552 2441 gente
3598 2359 3915 2423 incolume
3959 2358 4128 2422 intel·
4170 2357 4411 2441 gaudia

1152 2456 1395 2521 ‘laetus
1443 2457 1582 2522 sine
1629 2478 1823 2523 sensu
1873 2460 2111 2524 doloris
2158 2460 2475 2524 occubuit.
2573 2460 2717 2541 quis
2763 2480 2918 2542 ergo
2965 2461 3133 2526 hunc
3178 2461 3420 2525 exitum
3466 2468 3666 2545 putet,
3720 2482 3910 2545 quenl
3955 2462 4173 2526 nullus
4213 2462 4410 2526 aesti-

974 2563 1100 2624 258
1157 2562 1324 2623 ‘mat
1367 2560 1892 2626 vindicandum‘P
1985 2570 2321 2646 postquam
2369 2563 2608 2627 talibus
2654 2564 2953 2628 lamentis
2998 2571 3096 2628 est
3142 2563 3447 2644 defletus,
3518 2572 3797 2629 stravam
3845 2584 4039 2648 super
4094 2564 4405 2629 tumulum
4448 2586 4507 2628 20

1143 2662 1284 2726 eius
1331 2684 1520 2745 quam
1567 2666 1905 2748 appellant
1946 2664 2074 2750 ipsi
2119 2666 2367 2745 ingenti
2413 2665 2943 2730 commessatione
2992 2667 3472 2747 concelebrant,
3525 2675 3591 2732 et
3634 2667 3951 2733 contraria
3979 2667 4254 2733 invicem
4287 2666 4406 2731 sibi

1142 2765 1518 2847 copulantes
1565 2767 1738 2832 luctu
1786 2768 2049 2833 funereo
2095 2769 2292 2832 mixto
2339 2769 2579 2850 gaudio
2627 2770 3062 2853 explicabant,
3116 2777 3433 2852 noctuque
3480 2777 3724 2835 secreto
3771 2770 4049 2834 cadaver
4093 2777 4262 2835 terra
4310 2790 4410 2835 re-

1143 2867 1465 2932 conditum
1511 2871 1848 2953 copercula
1893 2871 2163 2954 primum
2211 2891 2389 2951 auro,
2445 2873 2794 2937 secundum
2843 2880 3139 2955 argentO,
3195 2873 3450 2938 tertium
3497 2872 3649 2938 ferri
3694 2873 3903 2956 rigore
3950 2873 4399 2954 communiunt,

1142 2968 1580 3051 significantes
1624 2973 1738 3037 tali
1786 2981 2161 3056 argumento
2206 2974 2651 3058 potentissimo
2695 2975 2834 3058 regi
2882 2976 3097 3040 omnia
3143 2975 3552 3040 convenisse:
3628 2975 3902 3057 serlum,
3968 2976 4138 3058 quod
4183 2983 4408 3058 gentes

1142 3072 1445 3141 edomuit.
1498 3094 1722 3138 aurum
1770 3083 1835 3140 et
1878 3084 2251 3160 argentum,
2309 3077 2480 3158 quod
2526 3084 2817 3142 ornatum
2865 3079 2957 3143 rei
3003 3078 3300 3163 publicae
3347 3079 3678 3160 utriusque
3725 3080 4066 3163 acceperit.
4161 3080 4410 3144 addunt
4446 3101 4504 3143 25

1313 3437 1432 3484 ΗΡ
1459 3438 1566 3485 VL
1590 3440 1635 3486 A
1667 3439 1709 3485 0
1735 3440 1778 3486 Β
1804 3441 1854 3487 Χ
1881 3440 2053 3500 (ῩΖ).
2133 3440 2320 3488 Paulus
2358 3444 2392 3491 l.
2435 3458 2478 3490 c.
2530 3442 2609 3502 (ad
2648 3441 2675 3489 7
2716 3446 3046 3506 praesumat).

1316 3608 1331 3658 1
1382 3612 1483 3659 ullo
1518 3625 1617 3659 om.
1655 3612 1746 3659 OB
1956 3612 2193 3681 uulnere]
2230 3617 2475 3675 sanguine
2513 3614 2586 3662 La
2795 3617 3092 3663 effusionem
3132 3616 3174 3663 L
3384 3616 3590 3663 dimisso
3617 3616 3724 3678 ΒΧ,
3768 3616 3985 3664 dimissu
4017 3616 4059 3664 0
4269 3616 4298 3665 2
4337 3618 4406 3665 illi

1136 3698 1275 3754 genti
1320 3695 1553 3744 OBXYZ
1784 3701 2009 3747 crimium
2050 3700 2093 3746 P
2162 3738 2168 3744 .
2320 3707 2514 3762 partem
2561 3700 2603 3746 Ο
2836 3701 2865 3749 3
2905 3703 3072 3750 cauies
3115 3701 3156 3747 Ο
3389 3698 3684 3767 turpauere]
3723 3700 3926 3764 POBX‚
3969 3707 4305 3765 turpauerunt
4354 3704 4400 3762 Υ,

1136 3784 1404 3830 turbauere
1441 3782 1634 3830 HVLA
1846 3787 2061 3833 flmineis
2104 3787 2161 3847 Ο,
2205 3789 2509 3836 feminelleis
2545 3787 2604 3846 Β,
2648 3802 2744 3835 om.
2775 3788 2817 3835 L
3039 3787 3071 3836 4
3110 3783 3288 3853 uirile]
3324 3788 3527 3847 HPVL,
3569 3788 3713 3835 uirili
3752 3787 3948 3835 ΑΟΒΧ
3960 3789 4000 3834 Υ
4202 3804 4298 3851 quo
4334 3785 4406 3854 id]

1139 3868 1268 3928 quod
1307 3869 1355 3915 id
1401 3867 1461 3926 Ο,
1502 3869 1631 3930 quod
1676 3867 1754 3914 P·
1989 3871 2019 3919 5
2057 3874 2220 3921 feroce
2264 3872 2354 3920 ΟΒ
2590 3873 2620 3921 6
2659 3879 2849 3921 noctem
2889 3874 2980 3919 PV
3186 3875 3342 3921 multo
3386 3874 3442 3933 0,
3487 3874 3646 3921 multa
3683 3875 3779 3921 ΒΧ
3792 3875 3832 3920 Υ
4057 3873 4084 3921 7
4124 3889 4408 3937 praesume-

1138 3953 1225 4000 bat
1264 3955 1306 4000 A
1518 3956 1728 4002 storicus
1764 3955 1916 4019 PVL,
1960 3958 2226 4006 historicus
2268 3959 2362 4006 ΟΧ
2375 3960 2415 4005 Υ
2653 3958 2683 4007 8
2719 3965 2810 4008 att.
2854 3955 3117 4024 terribilis]
3155 3965 3273 4007 terr.
3315 3964 3405 4008 att.
3447 3959 3510 4020 Β,
3553 3965 3644 4007 att.
3685 3962 3910 4008 cerribiis
3955 3960 3996 4007 O
4205 3961 4408 4010 habitus

1149 4040 1335 4099 (abitus
1379 4040 1435 4100 Ο)
1480 4037 1580 4106 est]
1615 4046 1692 4089 est
1729 4042 1931 4090 habitus
1966 4043 2007 4087 V
2227 4043 2258 4093 9
2299 4045 2542 4093 indicaret
2578 4046 2620 4093 L
2829 4042 3037 4111 quibus]
3074 4059 3122 4106 q.
3165 4046 3322 4094 modis
3360 4046 3404 4093 Β
3613 4047 3838 4095 honorati
3878 4054 3998 4096 sunt
4034 4048 4142 4110 ΒΧ,
4185 4048 4408 4096 honorati

1144 4128 1250 4174 sint
1289 4129 1350 4189 A,
1393 4128 1664 4176 honoratus
1702 4134 1778 4175 est
1828 4129 1868 4175 Y
2099 4129 2161 4177 10
2199 4132 2524 4179 obmittamus
2561 4131 2620 4192 L,
2665 4133 2923 4179 mittamus
2965 4130 3007 4177 Ο
3231 4128 3478 4197 tentoria]
3516 4131 3630 4188 ΗΡ,
3673 4133 3889 4181 tentoria
3923 4136 4010 4183 rel.
4243 4131 4409 4200 sirica]

1140 4212 1355 4270 HPVL,
1415 4216 1568 4262 serica
1605 4214 1851 4262 ΑΟΒΧΥ
2121 4215 2174 4265 11
2219 4213 2554 4284 sollemniter]
2603 4218 2840 4265 sollemne
2877 4205 2962 4279 Bb,
3025 4220 3230 4266 solenne
3279 4219 3398 4277 ΧΖ,
3457 4220 3740 4281 sollempne
3804 4220 3844 4266 Y
4115 4220 4176 4268 de
4225 4237 4323 4271 om.
4367 4222 4409 4268 L

1151 4297 1210 4345 12
1248 4299 1480 4347 letissimi
1520 4301 1568 4360 V,
1611 4302 1863 4348 lictissimi
1907 4301 1966 4364 O,
2012 4303 2304 4350 electissimi
2345 4304 2389 4349 Β
2635 4318 2732 4366 quo
2770 4309 2876 4350 erat
2911 4300 3132 4369 positus]
3169 4305 3253 4351 ubi
3293 4319 3342 4365 p.
3385 4317 3430 4352 e.
3474 4305 3517 4350 A
3763 4306 4052 4354 cil-clusium
4090 4308 4323 4355 curribus
4369 4308 4408 4354 0

1139 4384 1200 4433 13
1241 4385 1328 4432 tali
1367 4385 1543 4432 ordine
1583 4387 1865 4434 referebant
1902 4403 1999 4436 om.
2029 4388 2073 4435 L
2282 4391 2539 4450 precipias
2583 4389 2624 4435 Ο
2838 4389 2899 4438 14
2938 4386 3240 4455 mundzuco]
3276 4389 3530 4452 HPVLA,
3575 4392 3883 4439 mundzucco
3899 4392 3971 4450 B,
4014 4393 4275 4441 mandluco
4317 4394 4409 4456 (vel

1136 4471 1413 4530 mandiuco)
1462 4471 1521 4533 0,
1564 4473 1836 4520 mundzoco
1886 4474 1935 4531 Y,
1979 4488 2216 4522 munzoco
2255 4475 2315 4534 X,
2360 4488 2590 4523 muzocco
2630 4475 2671 4521 Z
2880 4477 3266 4524 fortissimorum
3308 4476 3350 4523 O
3599 4476 3659 4525 16
3700 4479 3887 4525 romani
3925 4474 4088 4543 urbis]
4124 4479 4223 4525 ΗΡ
4238 4480 4288 4541 V,
4329 4493 4408 4527 ro·

1134 4558 1275 4605 mani
1312 4559 1443 4605 orbis
1481 4558 1687 4618 AXYZ,
1731 4573 1962 4608 romanae
1999 4561 2139 4607 urbis
2178 4560 2238 4619 L,
2282 4574 2485 4609 romane
2523 4562 2671 4608 urbes
2713 4560 2771 4621 Ο,
2815 4563 2949 4609 urbis
2987 4575 3216 4609 romanae
3254 4562 3300 4608 Β
3515 4565 3677 4624 captis
3716 4579 3810 4611 om.
3842 4563 3888 4609 Β
4098 4565 4322 4626 reliquae
4361 4567 4402 4612 A

1140 4642 1202 4692 18
1243 4645 1375 4703 gerit
1407 4643 1495 4691 OB
1703 4641 1878 4710 gente]
1915 4646 1969 4692 in
2006 4654 2155 4705 gente
2193 4645 2247 4692 Η
2455 4643 2728 4712 incolume]
2765 4646 3016 4707 HPVOB,
3058 4648 3332 4695 incolomae
3372 4648 3432 4709 L,
3474 4650 3717 4697 incolumi
3756 4649 3853 4695 AX
3865 4650 3905 4696 Y
4111 4649 4173 4698 19
4210 4654 4402 4698 exitum

1134 4725 1304 4794 putet]
1341 4731 1475 4777 dicat
1511 4732 1706 4778 exitum
1752 4730 1843 4777 OB
2070 4733 2301 4781 aestimet
2341 4719 2412 4778 Ab
2645 4731 2710 4780 20
2748 4739 2837 4780 str.
2880 4747 2919 4781 s.
2963 4739 3000 4780 t.
3045 4734 3158 4782 eius
3195 4749 3291 4783 om.
3328 4734 3417 4781 OB
3649 4734 3709 4783 21
3754 4749 3903 4797 quem
3941 4736 3989 4782 Χ
4195 4737 4229 4785 i.
4273 4751 4404 4784 com-

1134 4817 1425 4863 missatione
1468 4816 1526 4876 O,
1567 4818 1822 4877 ingentem
1863 4819 2326 4865 commessationem
2363 4818 2407 4865 L
2633 4815 3001 4884 concelebrant]
3038 4820 3322 4868 caelebrant
3359 4821 3405 4866 Β
3634 4823 3735 4869 sibi
3771 4823 3882 4869 inu.
3926 4822 3971 4868 A
4198 4822 4263 4871 22
4300 4824 4404 4870 luc·-

1134 4908 1239 4949 tum
1280 4904 1545 4949 funereum
1586 4902 1780 4950 LOBX
1793 4903 1831 4949 Y
2034 4905 2192 4951 mixta
2229 4904 2409 4964 gaudia
2450 4906 2493 4951 A
2704 4900 3048 4970 explicabant]
3092 4904 3230 4952 ΟΒΧ
3243 4907 3292 4966 Y,
3334 4906 3676 4954 caelebrabant
3701 4906 3899 4968 HPVL,
3942 4909 4260 4956 celebrabant
4290 4911 4332 4956 A

1131 4984 1284 5053 terra]
1320 4995 1372 5036 et
1408 4994 1538 5036 terra
1562 4987 1652 5048 B‘,
1695 4995 1773 5036 est
1809 4995 1941 5037 terra
1968 4976 2037 5036 Bb
2246 4988 2310 5038 23
2349 4986 2631 5057 copercula]
2670 4991 2717 5037 X
2729 4990 2823 5050 YZ,
2869 4993 3012 5049 cuius
3051 4992 3238 5039 fercula
3275 4990 3610 5038 HPVLAOB
3820 4994 4095 5042 secundum
4138 5002 4399 5055 argentum

1131 5076 1338 5122 tertium
1377 5073 1438 5133 L,
1482 5075 1698 5122 secundo
1735 5081 1940 5134 argento
1975 5078 2121 5124 tertio
2165 5075 2356 5122 ΟΒΧῩ
2633 5077 2723 5123 feri
2767 5076 2809 5123 O
3075 5091 3215 5136 rgore
3251 5077 3323 5123 V⁴¹
3592 5081 3936 5126 commoniunt
3977 5079 4036 5142 0,
4081 5083 4321 5129 muniunt
4356 5082 4398 5127 A

1131 5159 1195 5209 24
1232 5160 1352 5208 talia
1389 5167 1678 5220 argumenta
1715 5160 1855 5207 XYZ
2114 5158 2243 5227 regi]
2280 5163 2419 5222 regni
2466 5160 2507 5206 Ο
2767 5163 2934 5211 omnia
2970 5176 3065 5211 om.
3099 5163 3147 5210 Χ
3159 5163 3240 5210 ΥΖ
3506 5164 3780 5213 conuenire
3819 5165 3864 5211 A
4111 5164 4267 5233 quod]
4305 5182 4398 5229 quo

1137 5246 1279 5293 ΟΒΧ
1292 5247 1329 5294 Y
1531 5245 1595 5294 25
1633 5261 1730 5308 quo
1768 5248 1818 5293 Χ
1829 5247 1909 5293 ΥΖ
2116 5249 2323 5309 puplice
2367 5247 2409 5295 0
2620 5249 2851 5309 utrisque
2888 5247 2960 5294 Β”
3169 5249 3422 5296 adduntur
3462 5248 3504 5294 O

1306 5537 1351 5600 l)
1393 5539 1460 5600 cs.
1504 5539 1700 5587 Priscus
1735 5537 1803 5598 fr.
1833 5540 1866 5586 3
1900 5553 1953 5599 p.
1982 5541 2051 5586 90
2077 5537 2249 5586 Muell.
2275 5555 2290 5585 .·
2329 5536 2494 5588 οὐδενὶ
2528 5546 2630 5589 τῶν
2669 5540 2875 5590 πώποτε
2913 5544 3005 5606 τῆς
3045 5534 3310 5608 Σκυθικῆς
3345 5538 3379 5605 ἢ
3418 5538 3505 5590 καὶ
3543 5539 3718 5608 ἑτέρας
3756 5539 4011 5610 ἀρξάντων
4049 5547 4144 5612 γῆς
4179 5547 4394 5595 τοσαῦτα

1130 5625 1181 5675 ἐν
1219 5621 1374 5692 ὀλίγῳ
1411 5622 1865 5693 καταπεπρᾶχθαι,
1921 5623 2050 5673 ὥστε
2088 5622 2175 5673 καὶ
2209 5631 2311 5674 τῶν
2352 5621 2404 5675 ἐν
2439 5624 2507 5694 τῇ
2545 5624 2760 5691 ὠκεανῷ
2792 5623 2961 5692 νήσων
3012 5622 3187 5694 ἄρχειν
3236 5624 3324 5676 καὶ
3373 5625 3498 5693 πρὸς
3549 5625 3688 5697 πάσῃ
3738 5627 3804 5699 τῇ
3842 5625 4074 5697 Σκυθικῇ
4118 5630 4208 5680 καὶ
4256 5624 4393 5681 Ῥω-

1129 5711 1312 5768 μαίους
1352 5709 1487 5780 ἔχειν
1527 5709 1578 5767 ἐς
1616 5709 1773 5778 φόρου
1813 5707 2113 5778 ἀπαγωγήν.
