4882 6775
1218 466 1427 532 LVIII
2615 465 3074 522 PROOEMIVM.

1209 689 1475 755 utilitas.
1572 690 1821 757 scilicet
1860 689 2235 774 plerumque
2281 692 2727 776 compendium
2785 698 3031 757 tantum
3076 689 3598 757 Iordanianorum
3659 690 3873 775 dedit,
3940 689 4087 757 aliis
4143 691 4301 757 locis
4363 699 4478 757 aut

1211 810 1551 896 ampliavit
1594 831 1674 877 ea
1716 817 1829 877 aut
1873 810 2349 895 contaminavit,
2399 819 2472 879 ut
2514 832 2594 878 ne
2639 811 2708 877 id
2753 811 3028 896 quidem,
3084 809 3240 895 quid
3284 832 3365 877 ex
3409 810 3682 878 Iordane
3727 812 3968 877 Paulus
4012 810 4351 896 receperit,
4406 811 4478 875 in

1211 931 1334 997 hac
1378 930 1654 997 editione
1701 952 1781 998 ea
1822 932 2137 999 brevitate
2181 952 2373 1015 quam
2416 952 2522 999 res
2582 932 2946 1014 requirebat
3004 931 3276 997 indicari
3335 932 3615 1016 potuerit
3673 932 3909 1017 quique
3983 938 4276 998 accurate
4333 951 4474 997 rem

1211 1071 1593 1135 cognoscere
1640 1052 1832 1138 cupit,
1885 1052 1945 1118 ei
1989 1052 2291 1118 adeunda
2335 1053 2418 1118 sit
2445 1052 2590 1136 ipsa
2620 1052 2806 1118 Pauli
2840 1052 3107 1118 historia
3136 1053 3424 1118 Romana
3453 1073 3495 1117 a
3523 1052 3856 1137 Droyseno
3885 1072 4091 1137 nuper
4117 1052 4210 1119 ita
4239 1071 4473 1117 recen-

1211 1172 1352 1253 sita,
1408 1179 1479 1237 ut
1508 1172 1594 1238 ad
1627 1172 1880 1255 singula
1910 1172 2127 1258 capita
2171 1180 2391 1239 auctor
2418 1171 2756 1238 indicetur.
2823 1172 2908 1238 ad
2938 1173 3132 1240 crisin
3177 1172 3347 1255 quod
3393 1172 3638 1255 attinet,
3690 1173 3915 1257 paucis
3960 1172 4116 1239 locis
4143 1174 4473 1237 Romano-

1212 1314 1349 1358 rum
1405 1296 1488 1378 (p.
1546 1296 1643 1375 17,
1698 1297 1771 1357 21
1825 1304 2082 1376 tepentes
2140 1300 2204 1360 et
2247 1314 2310 1379 p.
2370 1298 2466 1376 17,
2524 1296 2602 1357 25
2655 1295 3032 1377 numerata),
3100 1313 3224 1360 uno
3285 1293 3559 1360 fortasse
3605 1294 3974 1359 Geticorum
4037 1296 4121 1377 (p.
4181 1296 4326 1373 132,
4389 1294 4468 1356 18

1213 1435 1458 1477 aeream
1504 1417 1561 1477 ei
1599 1434 1712 1498 pro
1758 1418 1937 1477 etiam
1992 1416 2062 1496 et)
2131 1421 2489 1480 nostrorum
2535 1413 2836 1478 librorum
2893 1413 3150 1480 lectioni
3195 1413 3473 1479 Paulina
3529 1413 3838 1499 praeferri
3898 1414 4152 1499 poterit.
4248 1433 4474 1479 eorum

1210 1540 1425 1600 autem
1470 1534 1555 1599 ad
1600 1533 1883 1599 ordinem
1929 1534 2277 1600 secundum
2309 1534 2552 1600 Paulus
2595 1534 2658 1599 in
2704 1533 3070 1600 nominibus
3114 1533 3388 1619 propriis
3433 1534 3781 1600 formandis
3841 1534 4127 1618 proxime
4186 1532 4466 1613 accedit,

1210 1663 1282 1720 ut
1326 1654 1546 1721 scribit
1584 1657 1940 1719 Theode'codo
1984 1675 2049 1738 p.
2108 1659 2250 1736 134,
2294 1659 2394 1739 17,
2448 1656 2885 1738 Ermenfredus
2929 1676 2993 1740 p.
3054 1658 3195 1739 135,
3236 1660 3294 1736 6,
3356 1658 3660 1739 Trapstt'la
3706 1675 3771 1739 p.
3828 1658 3972 1739 135,
4010 1659 4070 1735 8,
4132 1656 4474 1717 Theodatus

1210 1797 1276 1860 p.
1334 1779 1475 1859 136,
1537 1779 1635 1840 19.
1727 1774 2235 1860 interpolationis
2286 1783 2503 1842 tamen
2563 1776 2712 1841 huic
2769 1775 2979 1841 ordini
3036 1775 3333 1861 propriae
3391 1775 3565 1861 apud
3609 1776 3882 1842 Paulum
3944 1774 4221 1858 vestigia
4278 1774 4471 1840 nulla

1210 1895 1630 1982 deprehendi.
1726 1916 1899 1962 mero
1944 1915 2101 1962 casu
2147 1915 2289 1960 cum
2333 1915 2546 1962 errore
2590 1894 3159 1980 Heidelbergensis
3204 1896 3524 1963 consentit
3566 1917 3630 1981 p.
3684 1899 3789 1975 23,
3857 1899 3958 1959 17.

916 2045 962 2084 et
988 2042 1187 2084 Ltndulfl
1388 2035 1799 2100 LANDOLFVS
1847 2052 2053 2117 sagax
2095 2033 2261 2099 inter
2303 2054 2364 2099 a.
2403 2037 2527 2097 977
2577 2040 2642 2099 et
2675 2037 2838 2099 1026
2885 2040 2948 2100 et
2976 2034 3109 2100 alia
3137 2033 3391 2100 addidit
3419 2034 3505 2100 ad
3534 2033 3719 2098 Pauli
3751 2032 4081 2098 historiam
4112 2034 4472 2099 Romanam

1211 2160 1276 2220 et
1319 2175 1399 2220 ex
1428 2154 1719 2220 Iordanis
1751 2153 1994 2220 Geticis
2041 2153 2201 2220 duos
2246 2154 2424 2219 locos
2471 2173 2525 2220 c.
2566 2157 2644 2217 24
2680 2161 2744 2219 et
2774 2158 2853 2218 35
2902 2154 2963 2220 ei
2998 2154 3287 2220 inseruit.
3367 2173 3534 2236 eum,
3588 2173 3732 2219 cum
3776 2152 3968 2218 aliter
3996 2160 4189 2237 atque
4220 2153 4469 2218 Paulus

1209 2282 1536 2341 auctorum
1580 2295 1738 2359 quos
1783 2274 2027 2359 expilat
2067 2275 2213 2359 ipsa
2255 2275 2456 2340 verba
2499 2273 2771 2340 retinere
2816 2275 3052 2359 soleat,
3107 2274 3467 2341 luculenter
3509 2281 3781 2358 apparet
3823 2272 4132 2340 habuisse
4178 2274 4470 2340 codicem

1210 2395 1618 2462 Ottoboniani
1665 2395 2084 2479 simillimum,
2137 2394 2253 2461 sed
2297 2414 2373 2460 eo
2418 2395 2936 2476 emendatiorem,
2992 2395 3521 2479 confirmaturque
3563 2395 3657 2461 ita
3686 2394 3857 2480 quod
3900 2395 4089 2460 modo
4136 2394 4472 2479 significa-

1210 2516 1419 2582 vimus
1449 2517 1720 2582 Paulum
1765 2524 1831 2582 et
1855 2516 2067 2601 ipsum
2097 2515 2288 2581 huius
2319 2514 2565 2581 ordinis
2595 2515 2879 2582 codicem
2910 2516 3325 2601 usurpavisse
3355 2516 3586 2582 videri.
3665 2537 3815 2582 nam
3846 2515 4074 2582 eadem
4107 2515 4466 2597 volumina,

1210 2637 1442 2720 quibus
1474 2638 1711 2703 Paulus
1755 2656 1912 2703 usus
1956 2643 2073 2720 est,
2125 2656 2167 2701 a
2209 2636 2528 2702 Landolfo
2572 2658 2821 2721 quoque
2879 2637 3281 2723 potissimum
3340 2642 3648 2722 usurpata
3708 2655 3851 2702 esse
3908 2636 4059 2702 inde
4116 2636 4463 2721 colligitur,

1213 2758 1381 2841 quod
1414 2756 1744 2841 Originem
1775 2757 1986 2841 gentis
2017 2758 2344 2823 Romanae
2390 2757 2741 2842 pleniorem
2772 2757 3012 2823 Paulus
3043 2765 3108 2824 et
3136 2756 3491 2829 Landolfus
3538 2756 3660 2823 soli
3687 2756 4118 2823 adhibuerunt
4158 2756 4262 2842 (cf.
4301 2775 4470 2841 quae

1214 2878 1483 2963 exposui
1528 2878 1595 2951 in
1640 2879 1916 2945 Hermae
1961 2877 2087 2943 vol.
2149 2880 2224 2941 12
2268 2899 2332 2962 p.
2387 2880 2563 2963 401).

913 3031 960 3070 et
985 3028 1187 3080 ueriseri
1385 3016 1703 3081 Humanis
1738 3015 2073 3082 Lobiensis
2119 3015 2321 3081 abbas
2365 3014 2571 3099 gestis
2616 3016 3055 3101 episcoporum
3101 3015 3580 3098 Leodiensium,
3634 3036 3799 3098 quae
3845 3037 3906 3081 a.
3946 3018 4070 3079 979
4101 3014 4208 3080 vel
4245 3014 4470 3100 paullo

1208 3141 1358 3201 ante
1402 3136 1773 3220 composuit,
1825 3137 1872 3201 l.
1908 3136 1941 3200 Ι
1972 3156 2027 3201 c.
2071 3138 2171 3200 18.
2215 3138 2289 3199 19
2334 3136 2521 3219 (Mon.
2561 3135 2776 3202 Germ.
2816 3136 2934 3202 SS.
2972 3142 3007 3201 7
3041 3158 3105 3221 p.
3150 3139 3292 3222 172)
3343 3137 3553 3204 locum
3583 3135 3852 3201 inseruit
3883 3136 3964 3201 de
3995 3135 4206 3200 Hunis
4250 3157 4314 3221 p.
4357 3139 4463 3217 87,

1210 3259 1248 3320 6
1279 3293 1365 3303 -
1397 3259 1499 3340 91,
1555 3261 1614 3338 9,
1666 3277 1858 3341 quem
1902 3255 1962 3322 ei
2009 3255 2449 3341 suppeditavit
2501 3255 2825 3323 ‘Iordanis
2871 3256 3210 3343 episcopus
3272 3257 3339 3322 in
3400 3256 3666 3322 historia
3726 3256 3806 3322 de
3865 3256 4068 3339 gestis
4114 3255 4472 3322 Gothorum

1213 3377 1351 3443 ‘vel
1397 3376 1728 3444 Getarum’
1789 3398 1871 3444 ex
1915 3375 2235 3444 secundae
2281 3376 2511 3443 classis
2557 3376 2720 3443 libro
2766 3376 3040 3461 quodam
3091 3378 3572 3465 depromptum,
3638 3376 3787 3443 ideo
3831 3383 4045 3443 autem
4091 3377 4463 3460 notabilem,

1203 3498 1375 3582 quod
1405 3518 1649 3565 errores
1695 3498 1954 3583 quidam
1999 3497 2189 3564 huius
2221 3498 2462 3563 ordinis
2491 3497 2672 3563 libris
2704 3518 2862 3582 quos
2895 3499 3193 3565 novimus
3226 3499 3517 3565 omnibus
3548 3516 3915 3564 communes
3950 3500 4051 3580 89,
4100 3502 4169 3561 11
4209 3519 4470 3583 magmas

1205 3639 1318 3704 pro
1362 3640 1573 3703 maqas
1620 3626 1685 3686 et
1728 3623 1830 3702 89,
1898 3622 1975 3683 13
2037 3629 2240 3682 terrae
2289 3639 2402 3703 pro
2462 3640 2714 3702 errare,
2781 3620 2862 3685 ab
2924 3619 3322 3702 Herigerano
3384 3625 3684 3703 excerpto
3743 3619 4011 3698 absunt;
4075 3623 4468 3703 quapropter

1205 3740 1452 3805 variam
1511 3739 1850 3806 lectionem
1908 3738 2048 3804 eius
2103 3738 2273 3804 infra
2335 3738 2654 3825 adscripsi
2678 3744 2806 3824 101).
2869 3777 2956 3786 -
3015 3739 3323 3806 Similiter
3379 3741 3579 3805 Hveo
3639 3739 4214 3804 anvmmcsnffls
4274 3760 4333 3805 c.
4394 3760 4457 3804 a.

1218 3863 1379 3924 1100
1404 3861 1499 3943 ¹⁰²)
1555 3865 1621 3926 et
1678 3859 1866 3926 O'r‘ro
1913 3859 2393 3924 Fmsmessnffls
2438 3878 2494 3924 c.
2547 3880 2608 3924 a.
2669 3863 2951 3943 1143100)
3006 3861 3109 3926 usi
3164 3869 3430 3945 uterque
3485 3859 3777 3927 Iordanis
3838 3859 4134 3926 chronico
4194 3866 4462 3944 utroque

1210 3978 1401 4046 huius
1446 3979 1689 4046 ordinis
1732 3979 1968 4045 librum
2011 3979 2311 4045 videntur
2354 3978 2753 4046 adhibuisse.

856 4119 1184 4223 Phillffiigffi
1384 4118 1958 4182 anLIPPslANAE
2003 4116 2430 4184 bibliothecae
2475 4117 2820 4201 aliquando
2864 4117 3299 4200 Middlehillii,
3350 4118 3539 4184 hodie
3586 4117 4034 4184 Cheltenhami
4078 4116 4464 4184 adservatae

1213 4238 1416 4305 codex
1487 4237 1687 4321 (nobis
1734 4241 1797 4322 S)
1852 4237 2042 4304 hodie
2100 4238 2438 4324 bipertitus
2491 4241 2675 4303 1885.
2733 4242 2896 4303 1896
2956 4239 3219 4305 membr.
3273 4258 3446 4304 saec.
3495 4239 3592 4302 IX
3650 4246 3842 4305 antea
3897 4239 4020 4305 fuit
4072 4239 4335 4305 Parisiis
4396 4239 4461 4303 in

1209 4358 1482 4443 collegio
1513 4358 2025 4442 Claromontano‚
2076 4357 2313 4426 deinde
2341 4359 2768 4426 bibliothecae
2800 4359 3357 4426 Meermannianae
3400 4380 3466 4424 n.
3504 4362 3651 4424 821.
3721 4358 3890 4425 inter
3920 4367 4222 4445 excerpta
4257 4359 4447 4426 histo-

1389 4673 1502 4735 101)
1544 4688 1596 4737 p.
1638 4672 1732 4736 89,
1775 4673 1807 4722 6
1849 4669 1985 4741 post]
2026 4678 2198 4736 postea
2247 4700 2316 4710 —
2367 4676 2691 4723 interuallum
2723 4700 2794 4710 —
2845 4674 3064 4724 horosius
3115 4674 3359 4723 hunorum
3402 4698 3469 4708 —
3514 4672 3540 4720 7
3579 4669 3735 4738 omni]
3781 4686 3894 4720 cum
3942 4673 4078 4720 omni
4124 4696 4194 4707 —
4240 4667 4468 4737 extitisse]

1211 4762 1483 4809 constitisse
1507 4785 1577 4796 —
1608 4759 1639 4810 8
1662 4761 1815 4823 tilime
1837 4785 1907 4796 —
1930 4776 2176 4821 cyressum
2201 4764 2417 4810 scantiae
2450 4788 2520 4797 -
2562 4760 2623 4809 10
2648 4763 2870 4810 introisse
2895 4758 3141 4826 superius]
3166 4762 3408 4808 introisset
3431 4762 3554 4807 sicut
3588 4786 3657 4793 —
3697 4758 3753 4806 11
3784 4759 4105 4807 haliorunnas
4141 4785 4212 4795 —
4250 4757 4311 4807 12
4345 4761 4463 4807 soli·

1212 4846 1383 4894 tudine
1412 4872 1484 4882 —
1522 4845 1584 4894 13
1609 4846 1857 4895 heremum
1878 4872 1948 4884 —
1973 4843 2164 4913 eorum]
2202 4861 2251 4895 se
2287 4861 2462 4895 earum
2497 4873 2566 4881 —
2606 4846 2666 4895 14
2693 4843 2841 4913 quae]
2867 4848 2994 4909 quod
3017 4873 3086 4882 -
3116 4847 3177 4896 16
3200 4841 3353 4910 quod]
3379 4848 3496 4908 quia
3516 4871 3587 4880 —-
3609 4845 3932 4905 assiynabant
3953 4871 4024 4880 —
4063 4844 4125 4894 18
4155 4842 4305 4910 quod]
4345 4857 4466 4907 quae

1215 4957 1274 4967 —
1318 4930 1381 4981 19
1421 4928 1599 4998 quiete]
1634 4932 1729 4994 tide
1774 4959 1845 4969 —
1891 4933 1957 4983 20
1995 4929 2265 4999 interioris]
2300 4936 2529 4982 ulteriore
2576 4959 2644 4969 —
2691 4949 2742 4995 p.
2784 4933 2868 4996 90,
2916 4932 2940 4982 1
2982 4936 3242 4995 inquirunt
3285 4958 3354 4967 -
3402 4930 3432 4979 2
3471 4945 3518 4980 se
3553 4933 3666 4978 uiae
3712 4957 3782 4967 —
3831 4931 3860 4979 3
3897 4931 4155 4979 meotidem
4190 4946 4315 4993 quae
4355 4934 4459 4994 (sic)

1212 5021 1489 5079 inperuiam
1534 5043 1604 5054 —
1647 5021 1853 5080 pelagius
1888 5016 2171 5086 aestimant]
2215 5033 2365 5081 pecus
2401 5019 2748 5067 existimabant
2793 5046 2860 5054 —
2909 5018 2940 5068 4
2977 5014 3191 5082 quoque]
3240 5034 3283 5079 q.
3327 5022 3383 5064 ut
3430 5043 3499 5052 —
3549 5017 3579 5065 5
3618 5018 3864 5067 inuidiam
3913 5043 3974 5054 -
4026 5018 4058 5067 6
4095 5015 4199 5084 qui]
4236 5021 4356 5078 quia
4400 5042 4467 5056 --

1215 5103 1243 5152 7
1283 5099 1396 5169 iter]
1432 5106 1546 5152 item
1578 5129 1649 5140 —
1684 5107 1856 5154 nullae
1880 5110 1994 5153 ante
2018 5102 2194 5172 aetati]
2219 5111 2334 5154 ante
2358 5105 2449 5154 hac
2474 5110 2632 5154 aetate
2657 5107 2787 5155 nulli
2810 5132 2875 5140 —
2907 5104 2936 5154 8
2962 5101 3096 5170 diu.]
3122 5120 3209 5165 per
3232 5104 3337 5153 diu.
3365 5130 3435 5139 —
3458 5104 3657 5152 edicunt
3679 5130 3746 5140 —
3774 5104 3805 5153 9
3830 5119 3978 5168 quam
3999 5130 4070 5140 -
4093 5105 4371 5154 didicerant
4400 5129 4462 5140 —-

1217 5188 1279 5239 10
1312 5193 1457 5252 prius
1482 5204 1579 5238 om.
1606 5217 1673 5227 —
1704 5190 1765 5240 12
1790 5189 2107 5259 alcitdzuros]
2134 5192 2413 5241 acitdzuros
2435 5219 2505 5228 -
2529 5197 2787 5241 tuncorsos
2809 5219 2879 5228 —
2905 5192 3186 5241 insidebant
3219 5217 3290 5226 —
3328 5190 3388 5238 13
3426 5191 3611 5238 alantis
3633 5218 3702 5225 —
3731 5191 3792 5240 15
3819 5188 3959 5256 quos]
3996 5191 4123 5253 quod
4148 5218 4216 5227 —
4239 5206 4288 5253 p.
4319 5190 4403 5253 91,
4438 5189 4456 5238 1

1211 5275 1477 5336 ηἰρκάἱηίε
1509 5302 1577 5311 -
1617 5275 1648 5325 2
1685 5277 1918 5340 deformis
1951 5304 2022 5313 —
2057 5280 2087 5328 3
2125 5279 2355 5340 fiduciam
2388 5278 2614 5327 turbidus
2646 5279 2815 5339 prodit
2847 5305 2918 5314 —
2955 5279 2985 5327 4
3023 5293 3114 5327 see.
3156 5292 3269 5338 qen.
3320 5303 3389 5312 —
3433 5277 3463 5325 5
3500 5274 3632 5343 hinc]
3669 5278 3717 5324 hi
3763 5303 3832 5312 -
3878 5282 4122 5325 uetustate
4168 5303 4237 5312 —
4284 5278 4316 5327 6
4352 5282 4465 5325 tem-

1209 5366 1452 5423 pestiuam
1488 5377 1586 5411 om.
1623 5390 1692 5399 —
1726 5367 1887 5425 qratia
1925 5368 2169 5413 cicatrices
2205 5368 2409 5414 assumit
2443 5391 2514 5400 —
2552 5365 2579 5413 7
2621 5365 2814 5426 quidem
2850 5379 2946 5413 om.
2988 5390 3057 5399 —
3092 5361 3311 5430 aryutis]
3347 5367 3479 5412 acuti
3515 5390 3584 5399 —
3621 5363 3651 5411 8
3689 5363 3753 5410 ad
3789 5377 3883 5412 om.
3923 5389 3994 5399 -
4027 5378 4184 5414 arcos.

1390 5448 1503 5511 102)
1547 5451 1757 5510 Legitur
1791 5450 1925 5512 apud
1962 5451 2097 5498 hunc
2141 5451 2291 5510 (Mon.
2335 5451 2502 5498 Germ.
2548 5451 2639 5501 SS.
2681 5452 2805 5498 VIII
2841 5466 2891 5513 p.
2938 5450 3056 5512 313)
3107 5451 3385 5511 wisirmar,
3427 5451 3513 5498 ubi
3549 5447 3803 5499 uisus-mar
3844 5451 4008 5498 estin
4050 5451 4109 5511 O,
4149 5467 4201 5514 p.
4243 5450 4327 5512 87,
4372 5448 4460 5507 11;

1215 5535 1440 5585 Balamir
1486 5550 1600 5584 cum
1654 5537 1742 5584 ΟΒ
1776 5552 1828 5601 p.
1869 5536 1953 5598 91,
1999 5535 2092 5598 19;
2143 5538 2196 5584 in
2232 5536 2440 5586 Barinto
2487 5551 2657 5597 amne,
2710 5538 2801 5585 ubi
2836 5537 3106 5585 Barentum
3150 5537 3253 5597 OB,
3297 5551 3348 5598 p.
3388 5536 3472 5595 99,
3517 5535 3607 5583 11;
3662 5543 3830 5585 contra
3877 5551 3995 5584 casu
4043 5537 4217 5598 opinor
4253 5537 4463 5583 Adricus

1214 5637 1328 5670 cum
1362 5623 1417 5669 H
1449 5637 1501 5683 Ρ.
1542 5623 1626 5684 87,
1669 5622 1718 5675 7.

1389 5709 1501 5770 103)
1544 5709 1695 5771 Apud
1732 5710 1869 5759 hunc
1904 5724 2100 5772 quoque
2137 5710 2188 5769 4,
2230 5708 2290 5758 21
2340 5710 2492 5772 (Mon.
2533 5710 2701 5760 Germ.
2744 5710 2830 5759 SS.
2873 5710 2971 5758 XX
3007 5723 3058 5770 Ρ.
3091 5708 3210 5770 207)
3251 5709 3411 5757 amnis
3447 5710 3728 5772 appellatur
3753 5710 4030 5768 Barentus,·
4068 5708 4117 5772 4,
4160 5709 4226 5757 28
4262 5709 4457 5769 receptis

1215 5801 1295 5844 est
1329 5810 1443 5843 cum
1479 5795 1611 5844 SOB
1645 5809 1698 5858 p.
1741 5794 1857 5856 105,
1903 5795 1980 5846 18.
2061 5797 2148 5845 sed
2185 5797 2324 5846 adest
2359 5799 2579 5857 yentium
2617 5813 2666 5858 p.
2712 5795 2827 5856 105,
2872 5795 2953 5848 13.
