4882 6775
1147 455 1266 515 100
2591 449 2951 505 IORDANIS

874 639 1102 703 XXXI
1148 640 1333 724 quasi
1381 640 1728 705 adunatam
1763 640 1989 705 Gothis
2034 660 2167 705 rem
2213 640 2538 724 publicam
2584 615 2908 705 efficacius
2955 647 3361 722 terrerentur,
3414 639 3820 723 Honorioque
3852 640 4144 723 Augusto
4184 660 4410 722 quam-

1148 743 1247 807 vis
1294 744 1523 827 opibus
1570 752 1837 808 exausto
1883 751 2099 808 tamen
2142 743 2269 807 iam
2316 743 2503 824 quasi
2549 751 2887 826 cognatum
2936 750 3117 824 grato
3164 743 3379 807 animo
3427 742 3914 825 derelinquens,
3970 741 4221 808 Gallias
4266 749 4411 807 ten-

985 850 1092 908 161
1152 846 1267 910 dit.
1362 846 1471 911 ubi
1518 867 1659 912 cum
1705 846 2113 928 advenisset,
2179 846 2427 911 vicinae
2482 854 2711 929 gentes
2756 847 3127 931 perterritae
3174 846 3242 911 in
3288 846 3424 911 suis
3470 866 3540 911 se
3585 852 3931 930 coeperunt
3974 846 4210 912 finibus
4257 865 4411 910 con-

1147 949 1388 1030 tinere,
1458 932 1567 1032 ᾇῗιί
1625 949 1867 1014 dudum
1928 949 2274 1014 crudeliter
2320 948 2575 1014 Gallias
2621 949 3075 1030 infestassent,
3139 957 3269 1014 tam
3316 949 3581 1030 Franci,
3651 969 3842 1031 quam
3890 948 4401 1031 Burgondiones.

1146 1072 1296 1116 nam
1357 1053 1634 1117 Vandali
1703 1053 1806 1117 vel
1864 1052 2091 1133 Alani,
2167 1071 2326 1135 quos
2396 1052 2753 1137 superius1}
2829 1052 3110 1117 diximus
3177 1051 3492 1136 permissu
3561 1051 3919 1136 principum
3979 1052 4405 1116 Romanorum

1148 1163 1482 1238 utramque
1529 1155 1923 1220 Pannoniam
1970 1155 2304 1236 resedere,
2358 1176 2477 1219 nec
2522 1156 2613 1220 ibi
2661 1156 2785 1220 sibi
2832 1163 3004 1219 metu
3054 1154 3406 1220 Gothorum
3452 1155 3837 1220 arbitrantes
3883 1161 4085 1220 tutum
4132 1155 4297 1236 fore,
4352 1153 4408 1218 si

988 1260 1102 1319 162
1148 1266 1648 1337 reverterentur,
1716 1257 1803 1322 ad
1863 1258 2114 1322 Gallias
2175 1258 2565 1323 transierunt
2582 1261 2660 1339 2].
2756 1257 2873 1323 sed
2932 1279 3079 1322 mox
3137 1279 3177 1321 a
3223 1258 3492 1337 Galliis,
3561 1277 3724 1342 quas
3769 1266 3917 1323 ante
3963 1278 4089 1322 non
4134 1258 4405 1322 multum

1144 1367 1399 1445 tempus
1443 1367 1898 1445 occupassent,
1967 1361 2320 1443 fugientes,
2391 1360 2670 1445 Spanias
2717 1381 2785 1425 se
2833 1361 3264 1439 recluserunt,
3332 1360 3544 1425 adhuc
3606 1381 3919 1426 memores
3965 1382 4045 1427 ex
4092 1360 4405 1426 relatione

1145 1464 1457 1529 maiorum
1505 1484 1798 1544 suorum,
1865 1463 2018 1546 quid
2076 1464 2317 1528 dudum
2366 1464 2685 1529 Geberich
2735 1464 3086 1528 Gothorum
3149 1484 3260 1528 rex
3306 1464 3484 1546 genti
3530 1484 3687 1529 suae
3734 1464 4122 1549 prestitisset
4164 1462 4406 1528 incom-

1146 1566 1318 1630 modi
1384 1567 1486 1630 vel
1556 1567 1870 1649 quomodo
1938 1586 2047 1631 eos
2114 1567 2345 1632 virtute
2417 1588 2536 1632 sua
2604 1567 2808 1651 patrio
2876 1568 3011 1631 solo
3074 1566 3452 1650 expulisset.
3547 1568 3662 1632 tali
3720 1587 3873 1650 ergo
3933 1586 4085 1631 casu
4147 1566 4404 1631 Galliae

985 1672 1101 1733 163
1146 1668 1454 1734 Atauulfo
1513 1677 1779 1753 patuere
1839 1670 2145 1734 venienti.
2239 1669 2608 1734 confirmato
2670 1691 2820 1753 ergo
2882 1670 3129 1734 Gothus
3189 1690 3385 1753 regno
3444 1670 3512 1735 in
3568 1671 3778 1736 Gallis
3836 1670 4192 1755 Spanorum
4251 1690 4407 1735 casu

1146 1772 1357 1855 coepit
1400 1771 1639 1853 dolere,
1693 1791 1929 1855 eosque
1976 1772 2343 1838 deliberans
2388 1794 2428 1836 a
2459 1774 2893 1838 Vandalorum
2937 1773 3301 1838 incursibus
3348 1773 3617 1858 eripere,
3673 1794 3824 1839 suas
3870 1793 4026 1858 opes
4064 1773 4407 1838 Barcilona

1145 1895 1289 1940 cum
1337 1875 1525 1939 certis
1570 1875 1872 1940 fidelibus
1920 1876 2262 1941 derelictas
2308 1876 2625 1960 plebeque
2670 1877 2930 1957 inbelle,
2983 1875 3316 1941 interiores
3363 1875 3638 1961 Spanias
3683 1877 3992 1959 introibit,
4050 1877 4162 1942 ubi
4207 1896 4402 1960 saepe

1145 1997 1286 2041 cum
1334 1977 1646 2043 Vandalis
1693 1978 2030 2044 decertans
2073 1979 2260 2043 tertio
2305 1999 2491 2061 anno,
2546 1988 2881 2063 postquam
2932 1979 3183 2043 Gallias
3230 1979 3635 2064 Spaniasque
3682 1980 4057 2061 domuisset,
4111 1980 4407 2046 occubuit

1145 2080 1364 2164 gladio
1408 2082 1523 2146 ilia
1567 2082 1890 2166 perforata
1935 2082 2292 2163 Euervulfi,
2362 2082 2443 2146 de
2491 2083 2672 2147 cuius
2719 2083 2946 2147 solitus
2993 2091 3132 2148 erat
3176 2083 3385 2148 ridere
3432 2090 3698 2148 statura.
3796 2089 3940 2167 post
3997 2082 4181 2148 cuius
4233 2102 4403 2147 mor-

1143 2191 1272 2248 tem
1320 2184 1660 2267 Segericus
1722 2205 1834 2249 rex
1895 2185 2325 2265 constituitur,
2395 2184 2512 2250 sed
2558 2186 2804 2270 etipse
2866 2205 3118 2250 suorum
3182 2186 3408 2251 fraude
3467 2195 3835 2272 peremptus
3897 2186 4074 2251 ocius
4132 2206 4400 2269 regnum

1045 2358 1056 2365 ‚
1145 2307 1285 2351 cum
1335 2288 1469 2351 vita
1513 2287 1788 2370 reliquid
1809 2294 1883 2371 ³).

735 2389 996 2454 XXXII
1027 2394 1145 2453 164
1323 2390 1574 2455 Dehinc
1631 2391 1760 2455 iarn
1820 2398 2086 2472 quartus
2145 2391 2227 2455 ab
2288 2392 2546 2456 Alarico
2607 2412 2719 2455 rex
2780 2392 3184 2456 constituitur
3228 2391 3416 2455 Valia
3472 2392 3664 2457 nimis
3725 2391 4065 2457 destrictus
4124 2396 4190 2454 et
4248 2410 4400 2473 pru-

1142 2492 1323 2558 dens.
1423 2500 1641 2572 contra
1684 2514 1873 2577 quem
1906 2494 2226 2559 Honorius
2271 2495 2618 2577 imperator
2642 2495 3340 2589 §gustantimnffivirum
3387 2486 3703 2560 industria
3748 2494 4008 2558 militari
4051 2493 4399 2577 pollentem

1141 2597 1486 2678 multisque
1533 2597 1795 2680 proeliis
1842 2596 2193 2679 gloriosum
2256 2618 2397 2662 cum
2460 2599 2743 2663 exercitu
2805 2598 3127 2681 dirigens,
3194 2599 3463 2679 veritus,
3530 2619 3609 2663 ne
3669 2597 3897 2663 foedus
3954 2596 4196 2661 dudum
4255 2616 4399 2661 cum

1140 2700 1447 2764 Atauulfo
1509 2699 1664 2764 inito
1717 2701 1856 2783 ipse
1916 2701 2203 2765 turbaret
2263 2709 2327 2766 et
2370 2701 2626 2783 aliquas
2673 2721 2891 2766 rursus
2934 2702 3003 2765 in
3049 2722 3117 2766 re
3163 2703 3422 2786 publica
3464 2700 3739 2765 insidias
3783 2701 4114 2765 moliretur
4156 2699 4400 2764 vicinas

1141 2801 1264 2866 sibi
1333 2809 1559 2884 gentes
1626 2803 1966 2886 expulsas,
2042 2804 2360 2886 simulque
2427 2805 2805 2870 desiderans
2872 2825 3244 2888 germanam
3313 2824 3494 2869 suam
3561 2803 3918 2869 Placidiam
3985 2802 4403 2868 subiectionis

251 1031 276 1066 ε’,
298 1056 310 1064 .
336 1002 442 1069 ist-c}
469 1029 566 1063 mie
612 984 812 1092 3014ss

1313 3098 1367 3144 H
1388 3097 1432 3144 P
1466 3097 1505 3143 V
1525 3098 1569 3144 L
1595 3099 1639 3144 A
1664 3096 1703 3144 S
1730 3096 1808 3158 (11
1840 3100 2125 3146 confirmato
2149 3125 2218 3133 —
2246 3099 2304 3148 17
2332 3101 2567 3162 reliquid)
2607 3100 2648 3147 Ο
2672 3102 2716 3147 Β
2741 3102 2790 3148 Χ
2815 3103 2882 3161 (Υ
2903 3104 2983 3163 Z).
3050 3102 3241 3151 Paulus
3266 3101 3311 3150 h.
3342 3102 3401 3150 R.
3432 3103 3509 3162 13,
3548 3104 3574 3148 7
3608 3099 3690 3161 (19
3716 3102 3878 3148 virum
3904 3127 3973 3135 —
4000 3098 4063 3148 20
4090 3098 4396 3161 gloriosum).

1318 3252 1337 3301 1
1382 3252 1648 3300 adunatam
1687 3252 1848 3311 gothis
1888 3253 2048 3314 (goths
2080 3251 2136 3315 Ο)
2181 3269 2282 3302 rem
2321 3250 2597 3320 publicam]
2636 3254 2979 3319 HPVLOXY,
3023 3258 3242 3305 adunata
3278 3272 3326 3317 g.
3368 3271 3419 3305 re
3458 3257 3660 3318 publica
3697 3255 3789 3303 AB
3998 3256 4233 3303 efficacus
4258 3253 4330 3300 B‘

1141 3339 1375 3401 horioque
1414 3354 1459 3386 a.
1500 3338 1565 3400 L,
1603 3339 1966 3400 honoriumque
2004 3344 2272 3400 augustum
2311 3340 2502 3387 AOBX
2514 3341 2550 3386 Y
2779 3341 2809 3391 2
2847 3344 3081 3406 operibus
3123 3344 3164 3392 Ο
3396 3349 3665 3392 exauctum
3709 3340 3813 3401 OB,
3855 3340 4154 3390 exhaustum
4194 3340 4339 3389 AXY

1139 3432 1305 3473 tamen
1343 3421 1468 3490 iam]
1506 3426 1603 3472 iam
1643 3431 1809 3472 tamen
1849 3427 1910 3485 A,
1953 3431 2119 3473 tamen
2163 3425 2250 3473 OB
2477 3434 2681 3487 cognato
2720 3430 2762 3476 L
2989 3430 3340 3491 delinquentes
3383 3428 3441 3490 O,
3483 3429 3779 3490 relinquens
3815 3429 3859 3475 A
4086 3429 4286 3488 galliam
4329 3426 4402 3473 0⁶

1143 3511 1172 3560 3
1209 3508 1324 3576 ubi]
1362 3525 1459 3572 quo
1496 3511 1540 3557 A
1752 3507 1979 3577 uicinae]
2016 3525 2211 3559 cuunae
2253 3513 2354 3572 (sic)
2387 3514 2429 3558 A
2643 3516 2728 3562 fin.
2773 3516 3094 3576 c(o)eperunt
3134 3515 3221 3562 OB
3462 3515 3492 3563 4
3531 3510 3643 3580 qui]
3679 3529 3807 3576 quae
3844 3513 4033 3561 AOBX
4042 3515 4082 3561 Y
4285 3527 4401 3562 cru-

1140 3593 1344 3662 deliter]
1382 3597 1598 3644 fideliter
1636 3596 1696 3656 B,
1738 3610 1832 3644 om.
1867 3596 1911 3642 L
2117 3599 2405 3646 infestasset
2444 3598 2617 3644 HVB‘
2825 3607 2909 3648 tan
2949 3603 2993 3648 A
3204 3602 3336 3649 fanci
3375 3600 3448 3647 Β“ι
3658 3596 4047 3665 burgondiones]
4083 3599 4241 3662 ΗΡΒ,
4286 3602 4402 3647 bur-

1139 3684 1418 3743 gundiones
1455 3683 1543 3730 rel.
1777 3683 1806 3730 5
1845 3679 1953 3747 uel]
1989 3690 2040 3730 et
2078 3685 2121 3729 A
2348 3680 2508 3750 alani]
2544 3685 2841 3746 LAOBXY,
2884 3687 3037 3734 alanti
3075 3686 3220 3734 HPV
3440 3688 3681 3748 permisso
3726 3685 3818 3733 OB
4043 3685 4074 3734 6
4112 3681 4401 3751 utramque]

1139 3775 1417 3829 terramque
1445 3767 1504 3828 L,
1549 3773 1757 3828 utraque
1785 3767 1925 3814 AOB
2133 3770 2385 3830 pannonia
2412 3770 2504 3816 AB
2713 3773 2933 3820 residere
2972 3774 3064 3820 AZ
3270 3774 3345 3821 ibi
3383 3774 3482 3821 sibi
3519 3779 3711 3820 metum
3754 3771 3813 3834 Ο,
3854 3774 3931 3821 ibi
3968 3779 4158 3821 metum
4196 3774 4297 3820 sibi
4332 3771 4394 3832 Β,

1139 3856 1237 3904 sibi
1275 3856 1348 3901 ibi
1386 3860 1526 3901 metu
1563 3854 1612 3900 Χ
1819 3853 1845 3900 7
1888 3859 2207 3902 reuertentur
2249 3854 2290 3901 O
2500 3853 2641 3922 ante]
2677 3871 2738 3904 an
2778 3858 2822 3903 A
3044 3858 3074 3908 8
3111 3861 3344 3919 sugentes
3383 3859 3427 3905 Β
3636 3861 3811 3921 spania
3853 3859 4101 3920 (hispania
4137 3839 4311 3919 ery
4344 3872 4400 3904 se

1137 3942 1456 3988 recluserunt
1496 3938 1691 3999 OBXY,
1735 3941 1938 4000 spanias
1976 3953 2030 3986 se
2073 3943 2142 3998 (se
2180 3954 2274 3987 om.
2310 3939 2398 4001 L“)
2441 3950 2765 3990 recusserunt
2806 3946 3121 4004 (recuserunt
3154 3945 3218 4005 V)
3260 3944 3466 4007 HPVL,
3508 3945 3760 4007 hispanias
3800 3945 4044 3992 secedunt
4081 3946 4123 3989 A
4333 3957 4398 3990 ex

1137 4027 1326 4075 latione
1365 4024 1435 4072 3⁶
1645 4025 1675 4074 9
1714 4028 1801 4086 qui
1846 4023 1887 4070 Ο
2095 4023 2312 4092 dudum]
2350 4026 2473 4075 dum
2512 4030 2553 4073 A
2766 4030 2961 4089 geberic
2998 4031 3059 4089 A,
3102 4031 3307 4092 geberig
3345 4031 3482 4079 LYZ
3693 4032 3826 4090 goth.
3862 4027 3978 4096 rex]
4015 4030 4266 4090 HPVLA,
4307 4045 4398 4078 rex

1139 4113 1272 4171 goth.
1323 4111 1459 4158 ΟΒΧ
1471 4111 1507 4158 Υ
1735 4112 1903 4171 gentis
1945 4109 2014 4159 0⁰
2251 4111 2306 4160 11
2350 4114 2570 4161 athaulfo
2611 4114 2749 4161 LOB
2959 4118 3198 4164 ueniente
3242 4116 3301 4179 O,
3342 4132 3437 4165 om.
3470 4118 3512 4164 A
3722 4118 4025 4165 confirmatis
4062 4116 4100 4163 S
4307 4130 4399 4177 go·-

1138 4199 1240 4247 this
1267 4196 1399 4246 SOB
1607 4198 1771 4255 galliis
1799 4197 1899 4243 XY
2101 4198 2420 4259 hispanorum
2450 4198 2554 4258 AB,
2589 4200 2933 4261 hispanici-nm
2960 4202 3007 4248 Χ
3016 4202 3055 4248 Υ
3258 4216 3400 4250 casus
3428 4203 3486 4261 L,
3515 4217 3681 4251 casum
3710 4203 3772 4264 A,
3802 4218 3917 4251 caru
3951 4202 3993 4249 Ο
4208 4203 4269 4252 12
4306 4204 4398 4251 do-

1136 4286 1239 4333 lore
1278 4282 1362 4330 P·
1596 4297 1694 4344 que
1731 4297 1825 4330 om.
1857 4281 1930 4329 Β(ι
2158 4298 2185 4330 a
2222 4299 2315 4332 om.
2349 4285 2395 4331 Χ
2406 4284 2485 4331 YZ
2710 4286 3069 4334 uuandolorum
3114 4285 3184 4332 0⁰
3390 4290 3676 4337 incurribus
3721 4287 3763 4335 Ο
3972 4303 4092 4338 suas
4127 4286 4271 4356 opes]
4307 4303 4400 4352 per

1137 4385 1251 4418 suas
1288 4383 1405 4430 opes
1443 4368 1505 4429 Β,
1547 4369 1650 4416 suis
1687 4371 1864 4430 opibus
1903 4371 1947 4416 A
2157 4370 2428 4417 barcillone
2466 4369 2525 4428 L,
2569 4371 2861 4420 balcilonam
2897 4371 2989 4435 13⁶,
3032 4374 3329 4421 barcilonam
3365 4361 3452 4434 Bb,
3495 4375 3829 4423 barchilonam
3867 4376 3964 4422 ΧΥ
4205 4375 4267 4425 13
4303 4376 4399 4423 de-

1135 4457 1322 4505 relictis
1359 4455 1454 4501 AX
1466 4455 1557 4513 YZ,
1601 4454 1816 4501 dilectus
1855 4453 1904 4516 S,
1950 4456 2146 4504 dilectis
2186 4455 2247 4517 0,
2286 4457 2493 4504 delectis
2532 4456 2578 4502 Β
2788 4459 3032 4520 blebeque
3069 4459 3126 4517 L,
3170 4459 3316 4520 plebe
3353 4461 3403 4507 X
3413 4460 3449 4507 Y
3651 4456 3864 4527 inbelle]
3890 4461 4135 4524 HVSOB,
4176 4462 4399 4510 inbellae

1138 4543 1194 4602 P,
1237 4542 1425 4589 inbello
1465 4539 1524 4601 L,
1568 4540 1756 4587 imbelli
1795 4540 1939 4587 AXY
2142 4543 2378 4589 interiore
2417 4543 2594 4602 spania
2631 4542 2689 4596 L.
2733 4544 2994 4592 interiores
3032 4545 3293 4606 hispanias
3331 4546 3472 4593 ΑΒΧ
3482 4547 3520 4592 Y
3723 4544 3976 4613 introibit]
4012 4548 4172 4608 HPV,
4221 4551 4401 4597 introi-

1135 4631 1216 4678 uit
1241 4627 1482 4688 LSOBX,
1524 4627 1739 4674 introuit
1773 4625 1827 4686 Y,
1869 4627 2024 4674 intrat
2048 4628 2092 4673 A
2302 4624 2473 4693 saepe]
2514 4641 2626 4675 cum
2664 4643 2812 4689 saepe
2850 4630 2893 4675 Β
3107 4630 3167 4678 14
3204 4628 3487 4697 decertans]
3524 4634 3724 4680 certatis
3751 4634 3796 4681 A
4005 4647 4247 4695 posquam
4285 4633 4326 4681 Ο

1137 4715 1492 4776 hispaniasque
1529 4711 1725 4759 ABXY
2014 4711 2074 4761 15
2111 4713 2205 4760 ilia
2245 4714 2354 4772 (ilio
2391 4713 2491 4774 SR,
2532 4715 2654 4763 ilico
2698 4714 2755 4776 Ο)
2799 4717 3044 4777 perforata
3089 4719 3381 4779 (perforatus
3418 4719 3469 4765 Χ
3479 4718 3574 4779 ΥΖ,
3616 4719 3863 4780 perforate
3901 4718 4004 4778 SO,
4044 4722 4291 4782 perforato
4328 4720 4392 4781 B)

1136 4801 1383 4851 eueruulss
1424 4800 1488 4860 (X
1502 4800 1594 4858 YZ,
1637 4799 1923 4847 euerunulfl
1963 4798 2116 4859 HPL,
2159 4800 2375 4847 ueruulfl
2414 4796 2599 4866 SOB')]
2635 4802 2883 4848 eueruulfl
2920 4804 3011 4851 ilia
3045 4805 3325 4864 perforatus
3361 4805 3405 4851 A
3620 4803 3681 4853 16
3719 4807 3962 4864 sigericus
3998 4806 4038 4855 S
4071 4820 4186 4855 cum
4228 4806 4399 4855 Oresio

1135 4889 1360 4948 aliisque,
1403 4886 1653 4946 regericus
1691 4883 2071 4932 HPVLAOBX
2083 4885 2119 4930 Y
2359 4886 2652 4933 instituitur
2690 4888 2734 4933 A
2975 4889 3133 4936 uitam
3169 4904 3281 4937 cum
3319 4904 3471 4951 regno
3514 4889 3601 4937 013
3849 4891 3909 4940 18
3946 4888 4152 4958 alarico]
4189 4892 4391 4954 HPLO,

1135 4974 1348 5020 halarico
1385 4973 1473 5019 rel,
1686 4971 1855 5018 unalia
1897 4971 1955 5030 L,
1997 4971 2155 5018 ualias
2194 4973 2239 5018 A
2449 4971 2692 5019 distretus
2737 4972 2778 5019 Ο
2991 4973 3052 5023 19
3089 4977 3356 5036 imperator
3390 4990 3487 5026 om.
3519 4977 3561 5023 L
3772 4979 4147 5026 constantinum
4185 4978 4329 5026 LOB

1134 5052 1433 5122 pollentem]
1470 5057 1720 5105 sollertem
1759 5056 1894 5105 XYZ
2126 5055 2190 5105 20
2229 5058 2406 5118 dirigit
2443 5057 2487 5104 Β
2697 5072 2811 5107 cum
2846 5073 2940 5108 om.
2977 5058 3018 5106 Ο
3250 5061 3309 5110 21
3353 5062 3575 5112 athaulfo
3617 5063 3725 5124 OB,
3767 5065 3954 5112 ataulfo
3992 5063 4034 5111 L
4243 5060 4397 5129 inito]

1136 5143 1294 5205 HPL,
1328 5144 1484 5191 inhito
1516 5144 1568 5196 V,
1608 5145 1796 5191 initum
1825 5129 2039 5189 AbOBX
2050 5143 2104 5204 Y,
2130 5144 2332 5190 initlum
2363 5142 2465 5203 (sic)
2499 5141 2571 5189 A⁰
2782 5145 2949 5205 aliqua
2978 5145 3020 5193 Ο
3228 5149 3461 5196 molietur
3489 5148 3531 5197 Ο
3739 5151 3925 5198 uicinis
3952 5151 4047 5198 sibi
4072 5152 4307 5210 gentibus
4330 5150 4392 5208 B,

1137 5231 1319 5278 uicinis
1356 5230 1593 5290 gentibus
1631 5231 1676 5276 A
1887 5227 1949 5276 22
1990 5224 2250 5294 expulsas]
2286 5229 2516 5290 expulsis
2556 5231 2619 5288 A,
2659 5231 2882 5291 repulsas
2924 5232 2984 5294 Ο,
3027 5234 3242 5295 repulsis
3278 5234 3322 5280 Β
3530 5249 3669 5283 suam
3707 5237 3776 5297 pl.
3820 5250 3915 5285 om.
3948 5237 3993 5284 A

1312 5486 1332 5535 1
1400 5501 1442 5535 c.
1485 5487 1568 5544 22,
1613 5489 1727 5534 115.

1309 5489 1357 5632 2}
1401 5572 1470 5632 cs.
1519 5571 1733 5620 Isidorus
1774 5570 1914 5618 Goth.
1956 5571 2092 5619 laud.
2134 5573 2201 5619 68
2246 5574 2316 5632 (ex
2362 5571 2669 5621 Cassiodorio
2705 5577 2927 5635 θρίων-μ
2982 5576 3265 5624 Wandalica
3313 5584 3366 5625 et
3411 5580 3522 5641 ipsa
3569 5582 3737 5629 crebro
3775 5584 3973 5644 opinata
4007 5583 4258 5630 barbaries
4294 5595 4395 5630 non

1135 5664 1331 5707 tantum
1371 5660 1652 5722 praesentia
1688 5671 1860 5707 eorum
1905 5656 2210 5718 (Gothorum)
2251 5661 2492 5707 exterrita
2530 5674 2677 5721 quam
2715 5663 2949 5722 opinione
2985 5663 3159 5723 fugata
3194 5671 3290 5712 est.

1309 5743 1354 5803 3)
1399 5744 1467 5804 cf.
1514 5745 1714 5792 Orosius
1753 5746 1800 5802 7,
1842 5745 1926 5804 43,
1972 5745 2036 5791 9.-
2074 5744 2332 5803 Segericus
2369 5760 2457 5795 rex
2495 5761 2523 5793 a
2560 5746 2735 5794 Gothis
2773 5752 2967 5796 creatus
3008 5787 3019 5799 .
3055 5787 3066 5797 .
3101 5788 3110 5798 .
3152 5765 3179 5797 a
3217 5751 3322 5799 suis
3357 5752 3657 5802 interfectus
3695 5759 3786 5801 est.

4448 1589 4560 1629 10·

4444 2105 4501 2145 15

4440 2619 4497 2661 20
