4882 6775
1187 458 1268 520 82
1855 444 1861 449 ·
2634 447 2995 503 1onnAu1s

994 643 1144 708 XVI
1191 661 1349 708 suae
1394 643 1635 728 puella,
1688 643 1840 707 dum
1886 642 2065 707 lavat
2106 641 2175 705 in
2218 640 2481 704 flumine
2524 639 2636 703 illo
2682 638 2792 720 qui
2836 637 3019 703 nimii
3064 636 3470 721 limpiditatis
3516 636 3887 719 saporisque
3931 635 3998 699 iu
4043 634 4259 701 media
4289 636 4437 699 urbe

830 1361 1016 1425 XVII
1062 1364 1139 1424 94

1058 1879 1138 1940 95

1183 746 1385 811 oritur
1428 746 1677 812 Potami
1737 751 2194 828 cognomento,
2266 742 2627 823 exindeque
2687 741 2873 806 vellit
2930 760 3165 822 aquam
3225 739 3517 820 haurire,
3588 758 3741 804 casu
3801 757 3920 802 vas
3963 758 4230 803 aureum
4275 738 4437 821 quod

1184 848 1434 913 ferebat
1487 848 1553 913 in
1614 847 2000 933 profundum
2060 846 2329 923 decidit,
2398 844 2646 910 metalli
2700 843 2983 928 pondere
3045 851 3539 928 praegravatum
3601 843 3918 925 longeque
3973 848 4119 927 post
4169 842 4252 907 ab
4296 842 4436 906 imis

1183 952 1471 1026 emersit;
1540 951 1711 1032 quod
1771 958 1940 1016 certe
1995 970 2121 1015 non
2180 956 2319 1014 erat
2376 949 2681 1013 usitatum
2739 954 2854 1012 aut
2910 966 3185 1011 vacuum
3247 946 3494 1011 sorberi
3537 953 3651 1010 aut
3693 954 3863 1010 certe
3909 944 4110 1009 semel
4154 952 4435 1008 voratum

1184 1053 1376 1119 undis
1434 1054 1884 1137 respuentibus
1936 1058 2223 1118 enatare.
2319 1052 2421 1116 his
2467 1051 2786 1116 Traianus
2833 1051 2952 1115 sub
2998 1048 3423 1114 admiratione
3469 1048 3789 1132 conpertis
3835 1047 4119 1131 fontique
4163 1047 4435 1111 numinis

1183 1156 1508 1238 quoddam
1569 1156 1787 1222 inesse
1845 1155 2112 1221 credens
2165 1154 2489 1220 conditam
2534 1153 2858 1219 civitatem
2902 1172 3249 1237 germanae
3297 1172 3453 1217 suae
3496 1151 3564 1216 in
3608 1150 3867 1216 nomine
3910 1150 4434 1234 Marcianopolim

1182 1258 1580 1343 nuncupavit
1604 1263 1642 1339 ¹)
1663 1309 1677 1323 .

1360 1362 1612 1427 Abhinc
1659 1381 1833 1445 erg0,
1887 1368 1958 1426 ut
2001 1360 2395 1443 dicebamus,
2449 1367 2596 1444 post
2639 1361 2899 1441 longam
2945 1358 3343 1424 obsidionem
3388 1364 3655 1442 accepto
3687 1356 3972 1442 praemio
4004 1356 4247 1421 ditatus
4278 1355 4436 1420 Geta

1182 1464 1449 1530 recessit
1492 1464 1575 1528 ad
1617 1464 1898 1548 propria.
1992 1484 2181 1546 quem
2229 1482 2498 1528 cernens
2544 1462 2937 1546 Gepidarum
2983 1462 3158 1526 natio
3205 1461 3415 1526 subito
3461 1460 3699 1543 ubique
3745 1459 4107 1525 vincentem
4152 1458 4438 1543 praedis-

1183 1588 1306 1649 que
1352 1566 1643 1647 ditatum,
1693 1566 1956 1631 invidia·
1988 1566 2217 1631 ductus
2262 1585 2443 1630 arma
2486 1565 2554 1630 in
2598 1565 2974 1650 parentibus
3017 1563 3236 1629 movit.
3330 1563 3646 1648 quomodo
3692 1582 3846 1628 vero
3878 1561 4084 1627 Getae
4118 1561 4432 1646 Gepidas-

1182 1689 1306 1752 que
1363 1668 1492 1734 sint
1546 1676 1847 1753 parentes
1909 1668 1964 1732 si
2023 1669 2314 1751 quaeris,
2381 1666 2608 1753 paucis
2666 1667 3025 1731 absolvam.
3120 1666 3491 1731 meminisse
3552 1665 3752 1731 debes
3797 1684 3899 1730 me
3944 1665 4011 1730 in
4054 1664 4238 1729 initio
4254 1668 4293 1745 ²,
4356 1664 4431 1729 de

1183 1772 1519 1837 Scandzae‘
1559 1771 1815 1836 insulae
1861 1773 2106 1854 gremio
2155 1771 2399 1836 Gothos
2447 1770 2690 1836 dixisse
2736 1789 3033 1853 egressos
3078 1789 3222 1835 cum
3268 1770 3498 1835 Berich
3545 1789 3698 1853 rege
3746 1788 3885 1850 suo,
3943 1767 4149 1834 tribus
4194 1774 4430 1832 tantum

1187 1875 1458 1941 navibus
1517 1881 1734 1940 vectos
1791 1875 1879 1940 ad
1938 1874 2142 1959 ripam
2190 1873 2432 1940 Oceani
2495 1872 2836 1952 citerioriS,
2903 1873 2973 1937 id
3025 1881 3123 1937 est
3168 1872 3670 1939 Gothiscandza.
3764 1892 4033 1954 quarum
4077 1870 4267 1935 trium
4310 1890 4433 1934 una

1182 1978 1387 2057 navis,
1444 1985 1513 2044 ut
1557 1977 1828 2059 adsolet,
1881 1978 2123 2043 tardior
2165 1984 2401 2042 nancta
2447 1996 2678 2042 nomen
2722 1976 2902 2059 genti
2947 1976 3148 2041 fertur
3194 1975 3488 2053 dedisse3
3540 1995 3691 2039 nam
3737 1975 3963 2057 lingua
4007 1994 4225 2038 eorum
4256 1973 4433 2057 pigra

1182 2087 1465 2164 gepanta
1523 2080 1776 2146 dicitur.
1871 2080 2021 2145 hinc
2082 2079 2320 2144 factum
2383 2085 2512 2155 est,
2592 2087 2661 2143 ut
2718 2078 3032 2162 paulatim
3090 2085 3156 2142 et
3215 2085 3553 2162 corruptae
3610 2097 3844 2142 nomen
3891 2078 3988 2141 eis
4032 2096 4113 2140 ex
4157 2076 4432 2141 convicio

1179 2189 1551 2248 nasceretur
1597 2183 1909 2268 Gepidas.
2002 2204 2153 2247 nam
2214 2182 2352 2247 sine
2412 2181 2607 2248 dubio
2666 2203 2746 2247 ex
2793 2181 3144 2263 Gothorum
3205 2181 3505 2266 prosapie
3565 2188 3629 2246 et
3674 2180 3739 2244 hi
3784 2179 4044 2245 trahent
4085 2179 4424 2261 originem

1181 2285 1297 2351 sed
1342 2286 1529 2366 quia,
1584 2292 1655 2350 ut
1699 2285 1867 2363 dixi,
1923 2293 2208 2369 gepanta
2249 2285 2505 2370 pigrum
2552 2284 2797 2367 aliquid
2842 2286 3222 2367 tardumque
3270 2284 3602 2367 designat,
3673 2303 3786 2367 pro
3832 2282 4111 2366 gratuito
4156 2282 4431 2347 convicio

1179 2388 1576 2473 Gepidarum
1642 2408 1876 2454 nomen
1923 2396 2208 2454 exortum
2257 2395 2384 2453 est.
2455 2388 2624 2470 quod
2668 2406 2788 2452 nec
2829 2386 3024 2471 ipsud
3072 2387 3261 2452 credo
3307 2386 3760 2452 falsissimum:
3833 2393 3983 2449 sunt
4027 2385 4263 2450 etenim
4306 2392 4432 2449 tar-

1058 2494 1139 2556 96
1186 2490 1382 2556 dioris
1439 2491 1681 2573 ingenii
1740 2499 1805 2556 et
1863 2492 2189 2574 graviores
2250 2511 2579 2575 corporum
2640 2490 3001 2555 velocitate.
3097 2490 3167 2554 hi
3215 2511 3366 2574 ergo
3412 2489 3705 2575 Gepidae
3749 2489 3904 2554 tacti
3948 2488 4223 2569 invidia,
4287 2486 4429 2551 dum

1188 2593 1410 2678 Spesis
1476 2593 1807 2678 provincia
1866 2601 2340 2660 commanerent
2382 2594 2448 2658 in
2494 2593 2773 2659 insulam
2818 2594 3076 2658 Visclae
3121 2594 3332 2659 amnis
3378 2593 3653 2658 vadibus
3700 2592 4179 2671 circumactam,
4249 2610 4430 2672 quam

1352 2921 1407 2967 Η
1428 2921 1474 2968 Ρ
1505 2919 1607 2968 VL
1633 2922 1675 2966 A
1707 2920 1749 2967 O
1773 2920 1818 2967 Β
1844 2921 1890 2967 X
1923 2921 1983 2978 (Υ
2009 2921 2092 2981 Z).
2172 2919 2296 2968 Rav.
2341 2923 2404 2981 4,
2448 2922 2479 2966 6
2514 2936 2565 2981 p.
2612 2922 2709 2969 185
2745 2919 2810 2967 ad
2846 2936 2892 2967 υ.
2935 2919 2992 2969 6:
3045 2920 3430 2982 Marcianopolis
3479 2933 3544 2969 ex
3587 2920 3751 2980 Mysia
3791 2919 4032 2968 inferiore
4080 2918 4327 2980 pertinet,
4376 2923 4430 2964 nt

1180 3014 1392 3057 testatur
1427 3008 1554 3055 mihi
1596 3043 1608 3054 .
1639 3040 1653 3055 .
1687 3041 1698 3053 .
1732 3042 1743 3054 .
1785 3006 2010 3054 Iordanis
2045 3005 2459 3067 cosmographus,
2508 3019 2733 3054 asserens
2782 3006 2912 3067 quod
2957 3009 3120 3068 ipsam
3157 3006 3561 3069 Marcianopolim
3597 3007 3855 3054 civitatem
3892 3005 4137 3053 Traianus
4172 3005 4430 3066 imperator

1178 3106 1268 3154 pro
1304 3106 1467 3141 amore
1492 3092 1703 3141 Marciae
1741 3093 1920 3140 sororis
1959 3105 2077 3140 suae
2114 3094 2447 3142 aedificasset.
2509 3106 2599 3154 per
2635 3106 2785 3154 quam
2812 3093 3215 3156 Marcianopolim
3252 3094 3417 3142 medio
3455 3095 3635 3142 transit
3658 3094 3845 3141 fluvius
3872 3093 3963 3154 qui
3988 3090 4172 3139 dicitur
4194 3090 4423 3138 Potamia.

1354 3246 1373 3295 l
1416 3247 1634 3308 puellam
1676 3247 1718 3294 O
1960 3247 2095 3295 labat
2137 3247 2198 3307 O,
2237 3248 2435 3295 lauatur
2472 3247 2626 3307 XYZ,
2666 3248 2856 3295 lauaret
2895 3249 2940 3294 A
3184 3244 3297 3314 qui]
3332 3248 3462 3310 quod
3500 3247 3547 3294 B
3779 3242 3956 3312 nimii]
3996 3244 4203 3306 HPVL,
4243 3246 4425 3293 nimiae

1175 3333 1413 3381 A‘OBXY
1640 3333 1917 3394 limpidatis
1961 3332 2002 3379 O
2234 3329 2546 3400 saporisque]
2587 3332 2785 3394 OBXY,
2829 3334 3018 3395 saporis
3054 3336 3344 3396 saporisque
3379 3334 3542 3394 HPV,
3583 3335 3873 3396 soporisque
3912 3332 3972 3395 L,
4016 3333 4305 3394 soporisque
4339 3331 4424 3377 ob-

1176 3422 1286 3468 timi
1323 3422 1367 3467 A
1598 3419 1629 3468 2
1666 3414 1878 3484 potami]
1912 3420 2159 3480 potamica
2197 3421 2240 3467 A
2473 3419 2600 3467 uelit
2636 3434 2712 3481 aq.
2755 3419 2818 3479 L,
2858 3420 3015 3467 uellet
3049 3435 3125 3482 aq.
3173 3420 3370 3482 OBXY,
3414 3435 3593 3483 aquam
3629 3421 3785 3468 uellet
3823 3421 3868 3466 A
4093 3420 4257 3466 aurire
4293 3416 4425 3465 PVO

1174 3506 1202 3555 3
1243 3507 1497 3554 ferebatur
1537 3505 1627 3554 OB
1869 3506 2049 3553 cecidit
2089 3505 2178 3552 OB
2410 3506 2595 3553 motalli
2637 3506 2681 3551 A
2911 3513 3291 3567 praegrauatum
3326 3503 3597 3573 longeque]
3634 3511 3896 3568 grauatum
3939 3507 4009 3568 (et
4046 3508 4142 3553 ina.
4183 3505 4244 3566 B)
4285 3505 4423 3562 longe

1178 3592 1265 3640 OB
1491 3587 1573 3657 ab]
1615 3591 1860 3653 OBXYZ,
1902 3605 2000 3640 om.
2028 3590 2259 3639 HPVLA
2503 3590 2535 3639 4
2572 3592 2800 3639 remei-sit
2836 3591 2974 3638 Xi'z
3198 3589 3351 3659 quod]
3393 3593 3533 3641 OBX
3544 3593 3593 3654 Y,
3635 3606 3760 3655 quor
3794 3590 3907 3651 ΗΡ,
3949 3607 4050 3640 *a*
4083 3589 4177 3646 V‘.
4219 3605 4307 3638 cur
4334 3576 4417 3648 Vb,

1172 3690 1268 3739 quo
1307 3677 1366 3738 L,
1409 3677 1571 3738 quode
1611 3679 1655 3724 A
1891 3672 2000 3742 aut]
2035 3677 2166 3724 haud
2206 3676 2251 3723 L
2486 3677 2669 3725 sorbori
2706 3675 2779 3723 A‘¹
3023 3678 3053 3726 5
3092 3684 3316 3726 renatare
3356 3679 3446 3726 OB
3675 3679 3766 3726 has
3801 3677 3890 3725 H·
4130 3679 4345 3725 nominis
4382 3676 4424 3722 O

1174 3762 1204 3811 6
1241 3763 1478 3825 quiddam
1517 3763 1610 3810 ΑΥ
1851 3762 2094 3810 conditam
2131 3758 2417 3827 ciuitatem]
2455 3762 2754 3810 conditatem
2796 3764 2838 3811 O
3082 3778 3202 3813 suae
3237 3761 3316 3830 in]
3353 3777 3474 3812 suae
3510 3764 3574 3827 L,
3614 3779 3708 3813 om.
3741 3765 3785 3811 A
4029 3762 4422 3824 marcianopolim

1173 3862 1269 3896 om.
1294 3849 1340 3895 A
1551 3847 1577 3895 7
1617 3843 1957 3912 nuncupauit]
1983 3847 2287 3909 HPVLXZ,
2318 3848 2600 3896 nominauit
2628 3848 2719 3896 OB
2736 3850 2784 3910 Υ,
2814 3850 3088 3911 appellauit
3115 3852 3157 3896 A
3368 3849 3397 3900 8
3434 3855 3492 3898 ut
3515 3851 3797 3912 dicipamus
3826 3850 3882 3911 P,
3912 3863 4010 3898 om.
4042 3850 4121 3896 YZ
4152 3849 4270 3910 (non
4293 3849 4349 3901 Χ]

1173 3941 1286 3996 post
1319 3935 1512 3994 longam
1558 3935 1752 3995 (longan
1791 3933 1849 3993 L)
1893 3934 1997 3980 obs.
2038 3946 2135 3981 om.
2177 3934 2223 3980 A
2429 3934 2617 3982 ditatus
2653 3950 2749 3983 om.
2793 3936 2837 3982 A
3064 3943 3177 3996 geta
3218 3938 3374 3996 (gesta
3415 3937 3473 3998 O)
3517 3933 3643 4002 rec.]
3680 3949 3781 3986 rec.
3823 3942 3934 3996 geta
3973 3936 4019 3982 A
4249 3934 4280 3982 9
4313 3945 4421 3994 pro-

1174 4015 1304 4085 pria]
1340 4021 1547 4082 patriam
1591 4019 1679 4067 OB
1887 4032 1999 4079 gep.
2043 4033 2176 4067 cern.
2217 4024 2322 4068 nat.
2368 4019 2473 4079 OB,
2518 4034 2650 4069 cern.
2692 4028 2798 4069 nat.
2841 4034 2953 4082 gep.
2998 4022 3042 4068 A
3275 4021 3337 4071 10
3375 4022 3598 4070 didatum
3641 4023 3684 4069 O
3906 4021 4053 4069 ducta
4090 4021 4134 4067 A
4339 4032 4424 4080 pa-

1172 4112 1342 4155 rentes
1379 4106 1568 4153 ABXY
1773 4111 1942 4153 mouet
1982 4103 2071 4152 OB
2278 4119 2400 4153 nere
2443 4106 2484 4153 O
2692 4103 3017 4172 gepidasque]
3052 4106 3258 4168 HPVL,
3298 4109 3604 4170 gepidaeque
3646 4108 3847 4168 OBXY,
3887 4107 4177 4168 gepidatum
4217 4105 4307 4168 A‘,
4343 4119 4424 4166 ge-

1173 4192 1400 4254 pidarum
1440 4179 1511 4239 Ab
1792 4190 1846 4239 ιι
1891 4186 2015 4256 sint]
2065 4191 2143 4238 sin
2186 4190 2229 4238 o
2506 4194 2786 4253 quaesieris
2823 4193 2869 4240 B
3144 4196 3198 4242 in
3234 4191 3408 4260 initio]
3458 4195 3567 4254 ΧΥ,
3621 4196 3807 4242 inflatio
3845 4193 4006 4256 HPV,
4057 4194 4208 4241 initio
4244 4191 4424 4239 Laos

1180 4279 1238 4327 12
1279 4274 1546 4344 scaudzae]
1583 4276 1845 4334 HPVAX,
1888 4276 2095 4324 scandze
2133 4274 2194 4337 L,
2237 4278 2494 4325 scandziae
2538 4277 2591 4336 Y,
2634 4280 2908 4340 scanzisa)e
2949 4278 3037 4327 OB
3245 4280 3349 4328 dix.
3393 4281 3527 4340 goth.
3572 4282 3616 4328 A
3827 4274 4074 4344 egressos]
4110 4280 4283 4327 exisse
4316 4279 4355 4323 A

1176 4359 1367 4429 berich]
1410 4363 1515 4424 OB,
1559 4364 1699 4422 berig
1742 4361 1846 4423 YZ,
1885 4364 2048 4411 berice
2083 4361 2289 4424 HPVX,
2331 4363 2504 4422 berige
2541 4363 2633 4411 LA
2859 4378 2949 4412 suo
2987 4379 3099 4424 rege
3143 4364 3231 4412 OB
3469 4364 3528 4415 13
3567 4371 3746 4414 uectus
3788 4366 3830 4413 O
4038 4365 4097 4412 ad
4136 4366 4293 4427 ripam
4326 4376 4420 4412 om.

1179 4450 1314 4496 XYZ
1453 4450 1591 4496 ocani
1617 4448 1674 4510 P,
1706 4450 1873 4496 occani
1908 4448 1949 4495 V
2101 4450 2353 4496 ceter-ioris
2385 4448 2426 4495 O
2585 4448 2631 4495 id
2672 4454 2750 4497 est
2775 4450 3125 4511 gothiscandza
3155 4450 3571 4512 (gothiscandzam
3596 4454 3657 4514 A,
3690 4452 3852 4513 gothis
3877 4452 4036 4499 andza
4059 4447 4150 4517 Py]
4174 4448 4419 4510 HPVLA,

1176 4536 1266 4584 hoc
1303 4540 1378 4583 est
1415 4534 1795 4595 gothiscandzae
1833 4534 1986 4595 XYZ,
2029 4547 2125 4581 om.
2171 4533 2259 4580 OB
2505 4533 2568 4582 14
2603 4530 2772 4600 nauis]
2809 4538 2888 4582 uis
2930 4536 2972 4584 O
3178 4537 3400 4586 assolent
3434 4538 3482 4585 X
3493 4538 3532 4584 Y
3737 4534 3940 4603 tardior]
3976 4538 4168 4586 tardius
4210 4537 4311 4594 OB,
4350 4544 4426 4583 tar

1175 4621 1220 4668 L
1429 4616 1630 4685 nancta]
1665 4618 2006 4678 HPVLOYZ,
2050 4627 2194 4667 nacta
2229 4620 2335 4680 ΒΧ,
2379 4621 2593 4668 inuenta
2627 4621 2671 4667 A
2904 4623 3072 4682 gentis
3115 4622 3157 4670 O
3393 4624 3453 4672 15
3492 4625 3602 4672 eius
3640 4625 3686 4672 B
3891 4625 4178 4672 conuicinio
4216 4623 4275 4679 L,
4313 4635 4426 4669 con·

1175 4709 1316 4755 uiuio
1357 4706 1446 4755 OB
1729 4704 1790 4754 16
1829 4701 2058 4772 gepidas]
2092 4704 2304 4766 HPVL,
2354 4706 2535 4765 gepide
2576 4706 2633 4766 O,
2688 4707 2898 4768 gepidae
2935 4707 3123 4754 ABXY
3397 4706 3537 4775 nam]
3584 4723 3799 4771 namque
3839 4709 3927 4757 OB
4203 4708 4425 4769 prosapia

1179 4793 1417 4840 AOBXY
1621 4799 1673 4840 et
1695 4791 1752 4839 hi
1777 4805 1873 4840 om.
1908 4792 1996 4839 OB
2202 4787 2423 4856 trahent]
2463 4790 2569 4853 PV,
2607 4792 2807 4841 tradent
2829 4792 2947 4853 HL,
2986 4794 3191 4842 tradunt
3220 4794 3277 4855 O,
3320 4796 3532 4843 trahunt
3557 4795 3791 4843 ABXYZ
4000 4794 4061 4843 17
4100 4800 4161 4843 ut
4187 4808 4285 4843 om.
4316 4792 4354 4839 O

1175 4874 1426 4944 designat]
1462 4879 1628 4939 signat
1668 4878 1757 4926 OB
1966 4879 2185 4939 gratuitu
2230 4877 2287 4938 O,
2333 4879 2472 4937 graui
2507 4884 2629 4925 tunc
2666 4878 2806 4925 XYZ
3013 4881 3194 4927 conitio
3233 4879 3293 4940 L,
3337 4883 3570 4929 conuiuio
3600 4882 3703 4943 OB,
3747 4883 3880 4930 nicio
3907 4882 3951 4928 A
4163 4879 4227 4928 18
4262 4883 4424 4942 ipsum

1178 4964 1368 5011 AOBX
1378 4966 1413 5011 Y
1619 4960 1832 5029 etenim]
1869 4966 2004 5013 enim
2047 4964 2136 5011 OB
2349 4962 2410 5011 19
2448 4969 2501 5011 et
2534 4978 2629 5012 om.
2676 4964 2765 5011 OB
2973 4965 3215 5024 grauioris
3257 4965 3300 5013 O
3511 4968 3582 5014 hii
3625 4967 3668 5015 O
3704 4972 3760 5016 ut
3794 4969 3991 5028 saepius
4199 4965 4425 5028 gepithae

1179 5050 1243 5111 Η,
1286 5064 1382 5099 om.
1426 5051 1470 5096 A
1713 5046 1859 5115 tacti]
1895 5051 2026 5099 tenti
2065 5050 2109 5097 L
2352 5050 2473 5097 dum
2510 5046 2697 5116 spesis]
2732 5049 2986 5112 HPVLA‚
3035 5051 3153 5100 dum
3192 5053 3339 5100 etiam
3378 5055 3541 5114 spesis
3581 5053 3735 5114 XYZ,
3778 5054 3897 5101 dum
3937 5055 4101 5115 specis
4142 5053 4200 5115 O,
4242 5052 4425 5101 dudum

1179 5142 1321 5197 speta
1363 5135 1444 5194 8⁰,
1488 5136 1676 5184 dudum
1714 5143 1881 5198 spreta
1916 5123 2017 5184 Bb.-
2056 5135 2171 5197 quid
2207 5134 2364 5185 subsit
2399 5139 2557 5183 nescio
2826 5135 2892 5185 20
2930 5138 3290 5185 commanerint
3330 5137 3390 5197 O,
3432 5141 3808 5187 commanebant
3844 5139 3904 5200 B,
3948 5145 4282 5188 commaneret
4316 5138 4354 5185 Z

1178 5216 1421 5286 insulam]
1456 5219 1804 5282 HPVLAXZ,
1846 5223 2017 5269 insula
2059 5220 2193 5270 OBY
2424 5223 2581 5270 hiscle
2624 5221 2666 5269 O
2898 5222 3039 5270 uadis
3076 5222 3168 5269 AB
3374 5222 3746 5291 circumactam]
3781 5225 4174 5285 HPVLAXYZ,
4216 5227 4423 5273 circum-

1178 5313 1284 5355 acta
1326 5307 1384 5368 Ο,
1427 5309 1668 5355 circuacta
1708 5307 1752 5353 B

1357 5566 1398 5626 1)
1441 5562 1512 5624 cf.
1555 5565 1852 5613 Ammianus
1889 5566 1972 5626 Ξῖ,
2015 5569 2063 5625 4,
2111 5567 2204 5612 19.-
2254 5565 2445 5624 Mysia,
2499 5566 2588 5612 ubi
2626 5565 3009 5626 Marcianopolis
3047 5574 3122 5614 est
3168 5581 3196 5614 a
3234 5580 3393 5616 sorore
3430 5567 3629 5617 Traiani
3664 5571 3912 5632 principis
3948 5572 4017 5618 ita
4053 5571 4414 5630 cognominata:

1178 5650 1337 5698 hausit
1374 5656 1536 5698 autem
1575 5654 1750 5699 auctor
1785 5664 1841 5697 cz·
1879 5653 2131 5699 Ammiani
2167 5655 2288 5699 actis
2333 5652 2541 5700 Traiani
2577 5650 2851 5712 deperditis.

1351 5735 1400 5794 2)
1444 5751 1487 5786 e.
1530 5743 1577 5798 a,
1623 5738 1704 5785 25.

4471 1581 4520 1619 1⁴)

4473 2096 4521 2135 15

4465 2609 4519 2651 20
