4882 6775
450 1598 508 1639 10

451 2092 615 2156 15in

447 2624 508 2666 20

2020 468 2317 526 GETICA.
3716 475 3798 536 89

548 654 629 718 ab
677 674 804 718 una
850 654 1056 739 stirpe
1094 656 1325 735 exorti,
1394 656 1519 723 tria
1563 677 1732 721 nunc
1775 657 2036 722 nomina
2083 658 2455 741 ediderunt,
2518 659 2587 724 id
2634 667 2731 724 est
2777 659 3082 740 Venethi,
3145 661 3381 743 Autes,
3449 661 3782 739 Sclaveni3
3838 659 4068 724 XXIII

547 756 656 839 qui
700 757 996 838 quamvis
1040 777 1238 822 nunc.
1295 758 1387 823 ita
1432 759 1816 826 facientibus
1863 761 2144 879 peccatis
2188 762 2456 844 nostris,
2510 762 2746 843 ubique
2793 762 3152 845 deseviunt,
3204 772 3420 829 tamen
3464 771 3616 829 tunc
3660 785 3798 829 om-

548 878 663 924 nes
708 859 1150 924 Hermanarici
1191 860 1479 945 imperiis
1526 863 1900 928 servierunt.
1982 830 2321 929 Aestorum
2368 884 2618 947 quoque
2665 865 2959 930 similiter
3001 865 3344 948 nationem,
3398 867 3507 950 qui
3551 868 3797 949 longis-
3845 869 3965 929 120
4028 852 4095 902 >c
4084 850 4137 933 “i
4156 856 4232 931 ι

551 961 776 1025 simam
823 961 1028 1045 ripam
1074 961 1319 1028 Oceani
1364 963 1734 1029 Germanici
1777 965 2091 1048 insident,
2158 966 2330 1031 idem
2376 967 2516 1051 ipse
2560 966 2905 1051 prudentia
2952 975 3016 1033 et
3059 968 3292 1033 virtute
3350 969 3607 1052 subegit
3664 989 3802 1034 om-

549 1064 864 1145 nibusque
910 1064 1215 1147 Scythiae
1261 1075 1326 1131 et
1371 1066 1758 1132 Germaniae
1805 1068 2169 1134 nationibus
2214 1090 2289 1134 ac
2337 1069 2392 1133 si
2435 1069 2707 1154 propriis
2752 1070 3080 1135 lavoribus
3123 1071 3485 1155 imperavit.

718 1167 870 1233 Post
911 1174 1125 1232 autem
1186 1187 1311 1232 non
1367 1169 1545 1252 longi
1602 1171 1906 1254 temporis
1962 1171 2339 1253 intervallo,
2408 1180 2481 1238 ut
2536 1173 2732 1238 refert
2777 1172 3043 1238 Orosius
3065 1176 3144 1256 ¹),
3215 1175 3588 1239 Hunnorum
3630 1194 3803 1271 gens
3843 1173 4061 1238 XXIV
4090 1177 4203 1237 121

3203 1259 3551 1292 .*μη.<-ἣ-ᾝ-

547 1270 718 1334 omni
778 1269 1104 1336 ferocitate
1163 1272 1434 1338 atrocior
1492 1273 1733 1338 exarsit
1792 1273 1858 1337 in
1920 1273 2184 1339 Gothos.
2280 1296 2427 1340 nam
2488 1275 2635 1354 hos,
2704 1283 2773 1340 ut
2830 1275 3028 1341 refert
3086 1276 3464 1359 antiquitas,
3535 1268 3626 1342 ita
3686 1298 3801 1343 ex-

546 1372 752 1437 titisse
798 1374 1221 1457 conperimus.
1314 1375 1581 1441 Filimer
1638 1397 1752 1441 rex
1800 1376 2147 1442 Gothorum
2208 1386 2272 1444 et
2316 1378 2624 1443 Gadarici
2680 1378 2903 1461 magni
2960 1377 3131 1444 filius
3183 1379 3289 1462 qui
3343 1387 3489 1464 post
3532 1400 3800 1464 egressu

549 1475 878 1540 Scandzae
922 1475 1175 1542 insulae
1220 1478 1347 1542 iam
1393 1479 1612 1561 quinto
1658 1480 1798 1543 loco
1842 1488 2069 1545 tenens
2114 1481 2542 1565 principatum
2589 1480 2914 1561 Getarum,
2969 1481 3076 1563 qui
3122 1488 3186 1546 et
3229 1488 3432 1546 terras
3464 1482 3802 1567 Scythicas

550 1598 691 1643 cum
738 1597 856 1642 sua
899 1586 1091 1661 gente
1135 1579 1434 1645 introisse
1482 1582 1777 1666 superius
1823 1602 1864 1647 a
1909 1582 2096 1648 nobis
2144 1582 2380 1647 dictum
2427 1591 2553 1665 est,
2607 1583 2887 1668 repperit
2930 1583 2999 1648 in
3042 1585 3276 1668 populo
3322 1604 3440 1649 suo
3487 1585 3800 1666 quasdam

547 1700 771 1764 magas
817 1681 1156 1763 mulieres,
1210 1702 1371 1764 quas
1416 1684 1621 1768 patrio
1669 1704 1960 1750 sermone
2006 1685 2444 1751 Haliurunnas
2487 1687 2543 1751 is
2589 1687 2729 1771 ipse
2777 1686 3215 1769 cognominat,
3269 1706 3508 1769 easque
3555 1687 3802 1752 habens

549 1790 880 1867 suspectas
949 1783 1029 1848 de
1097 1785 1308 1850 medio
1368 1786 1465 1851 sui
1528 1788 1860 1870 proturbat
1914 1788 2231 1870 longeque
2291 1789 2373 1852 ab
2433 1788 2717 1854 exercitu
2775 1808 2889 1853 suo
2946 1788 3205 1871 fugatas
3263 1788 3332 1854 in
3391 1790 3802 1856 solitudinem

548 1886 756 1968 coegit
801 1906 1035 1951 errare.
1131 1908 1295 1969 quas
1353 1888 1612 1973 spiritus
1672 1889 1964 1954 inmundi
2022 1910 2137 1975 per
2194 1890 2507 1956 herimum
2554 1898 2867 1975 vagantes
2914 1891 3064 1956 dum
3110 1891 3427 1957 vidissent
3470 1898 3536 1956 et
3578 1912 3795 1957 eorum
3849 1896 3968 1957 122

533 1988 966 2072 <conplexibus
1009 1990 1078 2053 in
1124 1991 1293 2056 coitu
1335 1990 1767 2072 miscuissent,
1820 2011 2027 2076 genus
2073 1993 2191 2059 hoc
2237 1993 2704 2060 ferocissimum
2750 1994 3110 2076 ediderunt,
3162 2014 3329 2076 quae
3373 1995 3497 2060 fuit
3526 1994 3800 2079 primum

615 2097 713 2156 ter
754 2091 1046 2175 paludes,
1103 2093 1413 2159 minutum
1457 2101 1688 2159 tetrum
1736 2102 1927 2178 atque
1973 2096 2143 2160 exile
2189 2097 2375 2179 quasi
2420 2097 2746 2162 hominum
2793 2117 2999 2180 genus
3044 2116 3163 2162 nec
3206 2096 3339 2162 alia
3383 2117 3539 2162 voce
3583 2103 3801 2162 notum

547 2194 671 2259 nisi
727 2194 894 2277 quod
954 2195 1218 2259 humani
1262 2197 1572 2262 sermonis
1618 2198 1967 2280 imaginem
2013 2198 2426 2282 adsignabat.
2486 2201 2635 2266 tali
2678 2200 2877 2290 igitur
2921 2200 3163 2296 Ηιιιιιιι
3178 2200 3381 2293 stirpe
3426 2201 3625 2267 creati
3670 2200 3803 2269 Go-

547 2296 794 2362 thorum
841 2296 1088 2381 finibus
1126 2298 1545 2385 advenerunt.
1639 2320 1905 2383 quorum
1950 2301 2123 2366 natio
2171 2322 2399 2383 saeva,
2472 2313 2543 2369 ut
2585 2304 2840 2368 Priscus
2886 2282 3181 2368 istoricus
3227 2302 3453 2384 refert,
3519 2301 3803 2368 Meotida
3851 2307 3971 2369 123

548 2366 1170 2483 ᾗέἷιιᾶ-ἷιῆιθιιοιὲ
1204 2402 1343 2485 ripa
1401 2402 1723 2481 insidens,
1793 2404 2123 2469 venationi
2176 2412 2420 2469 tantum
2468 2426 2587 2471 nec
2630 2407 2758 2471 alio
2803 2407 3023 2471 labore
3069 2412 3368 2490 experta,
3434 2406 3560 2470 nisi
3606 2405 3793 2487 quod,

546 2508 880 2586 postquam
943 2503 1251 2569 crevisset
1310 2504 1376 2568 iu
1435 2505 1725 2589 populis,
1797 2505 2133 2572 fraudibus
2193 2516 2257 2573 et
2318 2508 2560 2592 rapinis
2619 2508 2972 2574 vicinarum
3034 2509 3321 2590 gentium
3379 2508 3592 2592 quiete
3651 2529 3806 2574 con-

547 2604 833 2668 turbans.
926 2604 1116 2669 huius
1162 2626 1315 2689 ergo
1360 2608 1605 2690 gentis,
1664 2615 1733 2673 ut
1777 2609 2060 2689 adsolet,
2117 2617 2489 2691 venatores,
2561 2612 2712 2677 dum
2758 2612 2823 2676 in
2869 2610 3187 2676 interioris
3233 2611 3555 2677 Meotidae
3600 2612 3803 2696 ripam

721 2966 774 3012 Η
796 2965 843 3013 Ρ
872 2966 913 3013 V
933 2967 975 3015 L
1001 2970 1044 3015 A
1071 2969 1109 3016 S
1139 2970 1253 3029 (inc.
1282 2969 1312 3018 6
1338 2970 1474 3031 Post)
1507 2971 1550 3019 Ο
1577 2971 1622 3019 Β
1647 2974 1696 3020 Χ
1723 2974 1793 3031 (Υ
1816 2973 1896 3033 Ζ).
1940 2972 2224 3033 Landolfus
2249 2973 2315 3022 ad
2340 2972 2494 3021 Pauli
2517 2974 2563 3023 h.
2588 2973 2652 3024 Β.
2682 2979 2761 3036 11,
2794 2976 2859 3022 10
2879 2991 2932 3036 p.
2964 2976 3065 3024 344
3092 2975 3321 3033 Droyaen
3353 2973 3466 3034 (inc.
3500 2973 3527 3020 7
3554 2988 3671 3021 nam
3696 2975 3802 3031 hoS,

548 3049 657 3111 finit
686 3048 746 3097 17
774 3051 1121 3115 advenerunt).

726 3206 748 3255 1
790 3207 850 3253 ab
887 3221 986 3254 una
1020 3209 1182 3269 stirpe
1225 3208 1434 3271 (strippe
1473 3211 1534 3273 L)
1576 3225 1671 3260 om.
1713 3213 1761 3259 X
1771 3213 1809 3259 Y
2013 3214 2109 3260 tria
2146 3226 2278 3260 nunc
2318 3208 2480 3278 nom.]
2518 3214 2725 3261 triancis
2763 3226 2897 3263 nom.
2940 3213 3096 3271 XYZ,
3151 3215 3249 3261 tria
3285 3213 3487 3260 nomina
3523 3226 3659 3260 nunc
3695 3213 3740 3260 A

550 3288 838 3357 ediderunt]
874 3292 1199 3341 reddiderunt
1242 3294 1330 3342 OB
1538 3299 1715 3345 ueneti
1757 3296 1846 3344 OB
2053 3299 2190 3345 antei
2236 3297 2295 3359 0,
2336 3298 2519 3346 hentes
2555 3301 2600 3346 A
2810 3300 2964 3347 sclaui
3006 3298 3095 3345 OB
3343 3297 3373 3346 2
3412 3299 3708 3346 deseruiunt
3744 3298 3803 3356 Β,

551 3378 886 3438 des(a)euiant
910 3380 1008 3427 AX
1019 3379 1059 3426 Y
1257 3377 1402 3448 tunc]
1441 3397 1574 3432 nunc
1605 3382 1647 3430 0
1859 3381 1888 3431 3
1927 3384 2221 3431 ermanarici
2262 3383 2350 3431 OB
2557 3385 2761 3446 imperii
2800 3384 2853 3447 V,
2896 3386 3072 3447 impiis
3116 3384 3159 3432 0
3369 3385 3660 3433 seruiebant
3695 3384 3742 3431 A

551 3468 824 3512 aestrorum
855 3463 959 3525 OB,
1003 3472 1283 3525 aestyorum
1310 3469 1357 3515 A
1565 3465 1675 3534 qui]
1712 3482 1840 3530 quae
1866 3471 1911 3516 A
2114 3470 2413 3528 longinsima
2438 3473 2545 3533 ripa
2577 3470 2637 3530 0,
2679 3471 2969 3531 longissima
2994 3472 3103 3531 ripa
3128 3470 3173 3517 Β
3380 3469 3411 3518 4
3451 3472 3619 3518 occani
3643 3469 3803 3530 HPV,

552 3551 751 3597 occeani
787 3550 830 3597 L
1037 3551 1277 3600 insederit
1318 3552 1377 3614 Ο,
1419 3554 1606 3602 insidet
1645 3557 1690 3600 A
1896 3555 2167 3616 prudentia
2202 3552 2278 3622 et]
2314 3556 2614 3617 prudentiae
2649 3556 2711 3617 Β,
2762 3557 3063 3617 prudenciae
3106 3556 3148 3603 0
3358 3556 3388 3605 5
3425 3569 3521 3618 que
3559 3569 3652 3604 om.
3696 3556 3742 3603 A

551 3637 856 3694 germanicae
898 3637 940 3684 0
1163 3635 1442 3705 lauoribus]
1481 3639 1591 3701 ΗΡ,
1634 3641 1730 3687 lab.
1771 3643 1944 3688 ceteri.-
1982 3639 2190 3699 fortasse
2225 3642 2418 3690 labores
2647 3643 2677 3691 6
2715 3639 2906 3709 autem]
2943 3644 3063 3691 haec
3100 3644 3197 3690 AX
3208 3643 3287 3689 YZ
3513 3642 3656 3701 longe
3697 3642 3739 3689 0

550 3723 875 3769 interuallum
912 3723 1095 3770 SOBX
1105 3724 1143 3770 Y
1368 3738 1618 3773 unnorum
1655 3725 1759 3785 80,
1813 3726 2062 3774 hunorum
2099 3729 2144 3774 A
2377 3726 2404 3773 7
2446 3729 2579 3776 omni
2627 3729 2735 3790 (om.
2779 3729 2839 3789 A)
2883 3729 3141 3776 ferocitate
3184 3729 3400 3790 (feritate
3437 3727 3494 3788 L)
3539 3743 3583 3776 a.
3626 3741 3711 3775 ex.
3754 3728 3810 3774 in

550 3803 628 3874 g.]
668 3820 749 3857 ex.
791 3809 845 3855 ιιι
883 3823 929 3868 g.
970 3822 1014 3856 o.
1054 3811 1090 3857 f.
1135 3825 1178 3858 a.
1223 3810 1271 3857 X
1283 3811 1324 3857 Y
1531 3815 1643 3871 post
1677 3812 1851 3870 gothos
1889 3814 1983 3860 im.
2028 3826 2210 3874 eosque
2249 3815 2335 3873 qui
2372 3816 2512 3875 prius
2548 3816 2718 3862 timori
2754 3818 2896 3861 erant
2931 3815 3143 3861 caeteris
3180 3813 3450 3874 gentibue,
3491 3815 3553 3861 ab
3588 3815 3811 3876 antiquis

552 3895 840 3941 conterritos
878 3895 1074 3955 pepulit
1112 3896 1318 3944 sedibus
1353 3895 1500 3943 editio
1538 3896 1972 3958 Lindenbroqiana
2002 3897 2228 3959 prosecta
2266 3913 2323 3946 ea:
2354 3899 2524 3947 Oresio
2556 3914 2645 3960 per
2669 3900 2976 3961 Landolfum
3187 3901 3275 3948 hos
3312 3913 3409 3949 om.
3438 3902 3483 3947 A
3694 3897 3724 3947 8
3762 3902 3814 3947 et

553 3995 649 4028 om.
691 3978 854 4029 Laud.
1068 3978 1304 4048 gadarici]
1342 3980 1524 4029 SOBY
1556 3982 1745 4044 Βοιαὶ,
1787 3984 2024 4043 gardarici
2059 3983 2311 4044 HPVLX,
2353 3986 2588 4045 gardariti
2627 3987 2705 4034 A:
2742 3984 2812 4045 cf.
2854 4000 2894 4033 c.
2939 3989 2988 4045 4,
3034 3985 3100 4033 26
3308 3986 3477 4046 magni
3513 3999 3609 4035 om.
3651 3986 3745 4033 AO

553 4061 778 4130 egressu]
814 4065 974 4125 HPV,
1017 4080 1244 4126 egressus
1282 4066 1341 4127 L,
1385 4082 1640 4129 egressum
1677 4069 1766 4117 rel.
1980 4070 2012 4119 9
2050 4067 2310 4136 scandzae]
2347 4070 2553 4133 HPVX,
2597 4072 2807 4119 scandze
2846 4071 2954 4130 LA,
2995 4071 3257 4120 scandziae
3306 4071 3354 4128 Y,
3398 4073 3621 4119 scanziae
3659 4071 3807 4131 SOB,

552 4151 772 4198 scantiae
807 4150 972 4199 Laud.
1186 4149 1377 4219 quiet]
1414 4159 1466 4201 et
1489 4154 1656 4215 quiet
1686 4152 1758 4201 0⁴²
1967 4151 2231 4222 scythicas]
2269 4156 2447 4205 cithias
2476 4157 2519 4204 0
2732 4155 2793 4204 10
2830 4153 2968 4222 cum]
3003 4158 3104 4204 iam
3140 4171 3254 4204 cum
3291 4155 3365 4203 A“
3575 4158 3809 4205 introisse

553 4237 784 4297 superius
809 4252 837 4285 a
861 4233 1025 4304 nobis]
1054 4240 1313 4286 introisset
1338 4241 1469 4287 sicut
1493 4254 1521 4287 a
1548 4241 1690 4288 nobis
1717 4240 1865 4302 8οΒ,
1894 4241 2130 4289 introisse
2157 4256 2184 4288 a
2210 4243 2352 4290 nobis
2377 4245 2614 4304 superius
2641 4243 2690 4290 X
2701 4243 2780 4290 YZ
2964 4242 3131 4290 dictus
3155 4243 3297 4289 AXZ
3508 4241 3566 4290 11
3609 4257 3810 4304 magnas

554 4322 673 4369 mul.
716 4320 866 4382 8013,
909 4324 1031 4372 mul.
1075 4338 1237 4383 magas
1274 4326 1320 4373 A
1557 4321 1911 4391 haliurunnas]
1946 4326 2249 4388 HPVLXZ,
2293 4326 2621 4377 haluirunnas
2669 4328 2720 4387 Y,
2762 4328 3065 4376 aliorumnas
3102 4326 3251 4390 8013,
3294 4328 3577 4376 aliuruncas
3613 4331 3674 4389 A,
3718 4329 3814 4376 ali-

556 4422 755 4456 rumnas
793 4407 956 4466 and.
1169 4412 1216 4458 is
1245 4410 1344 4471 (his
1368 4409 1470 4472 SO)
1501 4412 1612 4473 ipse
1646 4413 1760 4473 (ipsi
1787 4412 1847 4473 L)
1878 4425 1977 4462 om.
2007 4414 2054 4460 A
2261 4410 2597 4480 cognominat]
2632 4413 2782 4472 SOB,
2824 4415 3172 4473 cognominant
3195 4412 3402 4473 HPVL,
3445 4415 3813 4472 cognominauit

554 4493 662 4554 ΧΖ,
705 4496 987 4543 nominauit
1036 4495 1086 4554 Y,
1126 4496 1303 4543 dicunt
1339 4496 1385 4543 A
1616 4495 1674 4544 12
1714 4503 1979 4559 suspectus
2015 4498 2182 4547 Lana,
2414 4501 2677 4560 perturbat
2710 4501 2763 4559 S,
2806 4502 3104 4561 proturbans
3142 4500 3188 4546 A
3412 4501 3633 4548 exercito
3671 4499 3743 4548 0⁰

554 4580 822 4628 solitudine
859 4580 1045 4628 ASOX
1056 4582 1097 4628 Y
1114 4580 1281 4630 Lami.
1519 4580 1579 4629 13
1618 4578 1802 4648 errare]
1839 4585 1892 4630 in
1929 4584 2080 4631 litura
2118 4581 2204 4644 A2,
2249 4590 2380 4633 terre
2421 4585 2482 4644 0,
2523 4591 2685 4633 terrae
2723 4585 2807 4634 SB
3014 4586 3222 4646 spiritus
3257 4580 3515 4651 inmundi]
3551 4586 3812 4634 siluestres

553 4665 795 4726 homines,
836 4679 958 4728 quos
997 4666 1226 4714 nonnulli
1260 4666 1488 4728 phaunos
1524 4668 1770 4729 phicarios
1806 4674 1987 4716 uocant
2021 4668 2186 4718 Laud.
2403 4666 2674 4736 herimum]
2711 4670 2865 4730 HPV,
2909 4670 3167 4718 heremum
3204 4670 3481 4719 LASOBX
3491 4671 3530 4716 Y
3719 4686 3812 4719 ua-

555 4756 725 4799 cantes
760 4750 894 4799 SOB
1137 4749 1331 4818 eorum]
1368 4766 1536 4800 earum
1577 4753 1726 4811 ΑΒΘ,
1769 4765 1939 4801 earum
1975 4768 2027 4802 se
2065 4755 2109 4801 Β
2359 4756 2420 4804 14
2458 4758 2645 4804 coitum
2682 4756 2769 4804 SO
2805 4755 2968 4805 Luna.
3199 4752 3350 4822 quae]
3388 4757 3520 4818 quod
3556 4757 3754 4805 ΑΒΧΥ

556 4851 631 4897 pr.
673 4836 773 4884 tuit
809 4837 858 4884 X
870 4837 911 4883 Y
1113 4837 1175 4886 15
1211 4839 1344 4886 inter
1378 4851 1474 4887 om.
1503 4839 1542 4887 S
1749 4840 1976 4899 pusdes
2011 4838 2103 4900 V‘,
2146 4841 2355 4903 paludes
2390 4841 2637 4889 Meotidas
2673 4841 2835 4889 Lana.
3050 4842 3303 4890 munitum
3340 4841 3384 4889 L
3590 4844 3741 4891 exille
3771 4845 3813 4892 0

561 4922 623 4971 16
657 4918 814 4987 quod]
850 4936 978 4984 quae
1005 4921 1134 4971 SOB
1158 4923 1323 4972 Land.
1501 4920 1678 4990 igitur]
1704 4924 1833 4985 libri,
1876 4938 1991 4985 ergo
2013 4925 2123 4974 edd.
2322 4927 2446 4975 huni
2473 4927 2539 4989 Η,
2582 4928 2712 4975 unni
2742 4927 2803 4985 O,
2844 4928 2936 4974 uni
2963 4926 3001 4974 S
3193 4926 3253 4975 17
3291 4933 3350 4975 ut
3374 4942 3470 4975 om.
3499 4930 3537 4977 S
3710 4938 3813 4978 sto-

553 5009 687 5056 ricus
724 5006 813 5054 PL
1023 5005 1260 5075 meotida]
1298 5009 1509 5058 meotide
1547 5011 1596 5057 Χ
1607 5010 1654 5071 Υ,
1703 5017 1888 5058 meotro
1924 5012 1982 5059 ad
2021 5011 2075 5071 S,
2119 5012 2336 5059 meotide
2375 5015 2438 5071 A,
2479 5013 2533 5060 in
2570 5018 2717 5061 meot.
2761 5013 2806 5059 Β
3042 5010 3102 5061 18
3139 5012 3323 5073 paluda
3361 5012 3424 5072 L,
3463 5014 3665 5074 paludis
3703 5017 3748 5062 A

557 5094 791 5141 ulteriore
816 5095 972 5156 ripam
1000 5095 1059 5156 L,
1092 5096 1382 5143 ulteriorem
1407 5097 1564 5157 ripam
1590 5096 1653 5156 Β,
1683 5097 1907 5145 ulteriori
1932 5099 2071 5159 ripae
2096 5099 2146 5145 Χ
2158 5099 2237 5145 ΥΖ
2434 5095 2689 5164 insidens]
2713 5099 2950 5147 insedens
2974 5099 3079 5158 80,
3106 5099 3298 5146 insedit
3322 5099 3383 5158 Β,
3413 5099 3539 5147 dens
3571 5099 3671 5160 (sic)
3703 5100 3749 5146 A

557 5181 824 5228 uenatione
860 5179 958 5227 ΒΧ
969 5181 1019 5239 Υ,
1061 5183 1382 5229 uenationem
1420 5183 1464 5229 A
1673 5182 1826 5229 alium
1863 5183 2076 5231 laborem
2114 5186 2159 5231 A
2373 5181 2531 5250 quod]
2567 5198 2694 5246 quae
2737 5185 2798 5244 O,
2838 5198 2935 5232 om.
2968 5184 3012 5232 L
3247 5183 3309 5234 19
3346 5181 3653 5251 uicinarum]
3690 5199 3817 5233 nno-

554 5279 717 5313 rarum
756 5264 830 5312 A“
1062 5263 1259 5332 quiete]
1297 5265 1453 5328 HPV,
1495 5268 1718 5329 quietem
1754 5267 1898 5315 LAX
1908 5268 1954 5325 Y,
2000 5269 2148 5316 fldem
2186 5268 2318 5317 SOB
2551 5271 2873 5318 conturbauit
2909 5271 2954 5317 Β
3182 5269 3248 5319 20
3286 5270 3403 5318 huic
3440 5271 3479 5319 S
3703 5284 3819 5330 ergo

556 5364 651 5399 om.
676 5350 721 5398 Β
929 5352 1150 5399 assolent
1173 5351 1218 5398 Β
1425 5354 1481 5400 ιιι
1507 5350 1782 5419 interioris]
1808 5353 1965 5416 HPV,
1995 5356 2252 5403 interioris
2279 5355 2385 5417 LA,
2416 5357 2469 5402 in
2496 5355 2745 5403 ulterioris
2771 5354 2966 5415 8012,
2997 5357 3048 5404 ιιι
3074 5357 3253 5405 ulteris
3290 5357 3339 5418 Y,
3371 5359 3425 5405 in
3452 5357 3678 5405 ulteriori
3703 5357 3748 5405 Β

556 5437 823 5484 meotidem
859 5439 1017 5498 ripam
1054 5437 1157 5499 80,
1200 5438 1428 5486 meotidis
1463 5439 1572 5501 ripa
1610 5440 1671 5498 B,
1713 5440 1957 5488 maeotide
1992 5441 2098 5502 ripa
2135 5443 2197 5499 A,
2242 5442 2486 5489 meotidas
2522 5442 2682 5502 ripam
2733 5441 2830 5499 YZ,
2873 5443 3036 5504 ripam
3080 5441 3234 5503 (ripae
3272 5441 3370 5502 X‘)
3417 5443 3659 5491 meotidas
3696 5444 3745 5491 Χ

627 5701 632 5706 .
730 5659 774 5721 1)
822 5660 1027 5709 Orosius
1064 5663 1115 5721 7,
1159 5662 1242 5721 33,
1290 5663 1387 5710 10.-
1436 5675 1560 5721 gens
1598 5662 1895 5711 Hunnorum
1933 5664 2021 5711 diu
2056 5664 2329 5711 inaccessis
2367 5665 2563 5712 seclusa
2599 5666 2870 5726 montibus,
2925 5665 3191 5726 repentina
3226 5665 3363 5713 rabie
3400 5667 3592 5727 percita
3626 5667 3816 5715 exarsit

554 5750 610 5796 in
648 5746 834 5795 Gothos
870 5759 1056 5808 eosque
1093 5748 1281 5809 passim
1318 5748 1632 5795 conturbatos
1669 5749 1731 5795 ab
1768 5749 1993 5810 antiquis
2030 5749 2236 5797 sedibus
2274 5750 2488 5812 expulit.

708 5845 947 5886 ioanasz.
3337 5853 3399 5904 12
